% igsrefs.bib
% v4.00 3-sept-2015

%=======Literature==========

@STRING{aog  = "Ann. Glaciol."}
@STRING{jog  = "J.~Glaciol."}
@STRING{jgr  = "J.~Geophys. Res."}


@Article{Gillet12,
 author      = {F.~Gillet-Chaulet and O.~Gagliardini and H.~Seddik and M.~Nodet and G.~Durand and C.~Ritz and T.~Zwinger and R.~Greve and {D.G.}~Vaughan},
 title       = {{G}reenland Ice Sheet contribution to sea-level rise from a new-generation ice-sheet model},
 journal     = {The Cryosphere},
 volume      = {6},
 year        = {2012},
 pages       = {1561-1576}}

@Article{Joughin10,
author  = {I.~Joughin and {B.E.}~Smith and {I.M.}~Howat and T.~Scambos and T.~Moon},
title	= {{G}reenland flow variability from ice-sheet-wide velocity mapping},
journal = jog,
volume	= {56},
number  = {197},
year 	= {2010},
pages	= {415-430}}

@Article{Joughin02,
author  = {I.~Joughin},
title	= {Ice-sheet velocity mapping: a combined interferometric and speckle-tracking approach},
journal = aog,
volume	= {34},
year 	= {2002},
pages	= {195-201}}

@Article{Bamber13,
 author      = {{J.L.}~Bamber and {J.A.}~Griggs and {R.T.W.L.}~Hurkmans and {J.A.}~Dowdeswell and {S.P.}~Gogineni and I.~Howat and J.~Mouginot and J.~Paden and S.~Palmer and E.~Rignot and D.~Steinhage},
 title       = {A new bed elevation dataset for {G}reenland},
 journal     = {The Cryosphere},
 volume      = {7},
 year        = {2013},
 pages       = {499-510}}

@Article{Cornford13,
author      = {{S.L.}~Cornford and {D.F.}~Martin and {D.T.}~Graves and {D.F.}~Ranken and {A.M.}~Le~Brocq and {R.M.}~Gladstone and {A.J.}~Payne and {E.G.}~Ng and {W.H.}~Lipscomb},
 title       = {Adaptive mesh, finite volume modeling of marine ice sheets},
 journal     = {Journal of Computational Physics},
 volume      = {232},
 year        = {2013},
 pages       = {529-549}}

@Article{Nick10,
author  = {{F.M.}~Nick and {C.J.}~Van~der~Veen and A.~Vieli and {D.I.}~Benn},
title	= {A physically based calving model applied to marine outlet glaciers and implications for the glacier dynamics},
journal = jog,
volume	= {56},
number  = {199},
year 	= {2010},
pages	= {781-794}}

@Article{Nick12,
author  = {{F.M.}~Nick and A.~Luckman and A.~Vieli and {C.J.}~Van~der~Veen and D.~Van~As and {R.W.S.}~Van~De~wal and F.~Pattyn and {A.L.}~Hubbard and D.~Floricioiu},
title	= {The response of Petermann Glacier, {G}reenland, to large calving events, and its future stability in the context of atmospheric and oceanic warming},
journal = jog,
volume	= {58},
number  = {208},
year 	= {2012},
pages	= {229-239}}

@Article{Benn07,
author  = {{D.I.}~Benn and {C.R.}~Warren and {R.H.}~Mottram},
title	= {Calving processes and the dynamics of calving glaciers},
journal = {Earth-Science Reviews},
volume	= {82},
year 	= {2007},
pages	= {143-179}}

@Article{Fettweis07,
 author      = {X.~Fettweis},
 title       = {Reconstruction of the 1979-2006 {G}reenland ice sheet surface mass balance using the regional climate model MAR},
 journal     = {The Cryosphere},
 volume      = {1},
 year        = {2007},
 pages       = {21-40}}

@Article{Rignot07,
 author      = {E.~Rignot and P.~Kanagaratnam},
 title       = {Changes in Velocity Structure of the {G}reenland {I}ce {S}heet},
 journal     = {Science},
 volume      = {311},
 year        = {2006},
 pages       = {986-990}}

@Article{Rignot08,
 author      = {E. Rignot and K. Steffen},
 title       = {Channelized bottom melting and stability of floating ice shelves},
 journal     = {Geophys. Res. Lett.},
 volume      = {35},
 year        = {2008},
 pages       = {L02503}, 
 doi         = {10.1029/2007GL031765}}

@Article{Rignot08_2,
 author      = {E. Rignot and J. E. Box and E. Burgess and E. Hanna},
 title       = {Mass balance of the {G}reenland ice sheet from 1958 to 2007},
 journal     = {Geophys. Res. Lett.},
 volume      = {35},
 year        = {2008},
 pages       = {L02502}, 
 doi         = {10.1029/2008GL035417}}

@Article{Motyka11,
 author      = {R. J. Motyka and M. Truffer and M. Fahnestock and J. Mortensen and S. Rysgaard and I. Howat},
 title       = {Submarine melting of the 1985 {J}akobshavn {I}sbrae floating tongue and the triggering of the current retreat},
 journal     = jgr,
 volume      = {116},
 pages       = {F01007}, 
 doi         = {10.1029/2009JF001632},
 year        = {2011}}

@Article{Straneo12,
author  = {F.~Straneo and {D.A.}~Sutherland and D.~Holland and G.~Gladish and {G.S.}~Hamilton and {H.L.}~Johnson and E.~Rignot and Y.~Xu and M.~Koppes},
title	= {Characteristics of ocean waters reaching {G}reenland's glaciers},
journal = aog,
volume	= {53},
number  = {60},
year 	= {2012},
pages	= {202-210}}

@Article{Ayeal93,
author  = {{D.R.}~MacAyeal},
title	= {A tutorial on the use of control methods in ice-sheet modeling},
journal = jog,
volume	= {39},
number  = {131},
year 	= {1993},
pages	= {91-98}}

@Article{Morlighem10,
 author      = {M. Morlighem and E. Rignot and H. Seroussi and E. Larour and H. Ben~Dhia and D. Aubry},
 title       = {Spatial patterns of basal drag inferred using control methods from a full-{S}tokes and simpler models for {P}ine {I}sland {G}lacier, {W}est {A}ntarctica},
 journal     = {Geophys. Res. Lett.},
 volume      = {37},
 year        = {2010},
 pages       = {L14502}, 
 doi         = {10.1029/2010GL043853}}

@Article{Morlighem11,
 author      = {M. Morlighem and E. Rignot and H. Seroussi and E. Larour and H. Ben~Dhia and D. Aubry},
 title       = {A mass conservation approach for mapping glacier ice thickness},
 journal     = {Geophys. Res. Lett.},
 volume      = {38},
 year        = {2011},
 pages       = {L19503}, 
 doi         = {10.1029/2011GL048659}}

@Article{Seroussi11,
 author      = {H. Seroussi and M. Morlighem and E. Rignot and E. Larour and D. Aubry and H. Ben~Dhia and S. S. Kristensen},
 title       = {Ice flux divergence anomalies on 79north Glacier, {G}reenland},
 journal     = {Geophys. Res. Lett.},
 volume      = {38},
 year        = {2011},
 pages       = {L09501}, 
 doi         = {10.1029/2011GL047338}}

@Article{Schoof10,
author  = {C.~Schoof and {R.C.A.}~Hindmarsh},
title	= {Thin-film flows with wall slip: an asymptotic analysis of higher order glacier flow models},
journal = {Q. Jl Mech. Appl. Math.},
volume	= {63},
number  = {1},
year 	= {2010},
pages	= {73-114}}

@Article{Bevan12,
 author      = {{S.L.}~Bevan and {A.J.}~Luckman and T.~Murray},
 title       = {Glacier dynamics over the last quarter of a century at Helheim, Kangerdlugssuaq and 14 other major {G}reenland outlet glaciers},
 journal     = {The Cryosphere},
 volume      = {6},
 year        = {2012},
 pages       = {923-937}}

@Article{Price11,
author  = {{S.F.}~Price and {A.J.}~Payne and {I.M.}~Howat and {B.E.}~Smith},
title	= {Committed sea-level rise for the next century from {G}reenland ice sheet dynamics during the past decade},
journal = {Proc. Natl Acad.Sci. USA},
volume	= {108},
number  = {22},
year 	= {2011},
pages	= {8978-8983}}

@Article{Pritchard09,
author  = {{H.D.}~Pritchard and {R.J,}~Arthern and {D.G.}~Vaughan and {L.A.}~Edwards},
title	= {Extensive dynamic thinning on the margins of the {G}reenland and Antartic ice sheets},
journal = {Nature},
volume	= {461},
year 	= {2009},
pages	= {971-975}}

@Article{Favier14,
author  = {L.~Favier and G.~Durand and {S.L.}~Cornford and {G.H.}~Gudmundsson and O.~Gagliardini and F.~Gillet-Chaulet and T.~Zwinger and {A.P.}~Payne and {A.M.}~Le~Brocq},
title	= {Retreat of Pine Island Glacier controlled by marine ice-sheet instability},
journal = {Nature Clim. Change},
volume	= {4},
number  = {2},
year 	= {2014},
pages	= {117-121}}

@Book{paterson94,
   author = {Paterson, W. S. B.},
   title = {{The physics of glaciers}},
   edition = {3rd},
   publisher = {Butterworth-Heinemann},
   address = {Oxford},
   year = 1994}

@Article{Howat07,
 author      = {{I.M.}~Howat and I.~Joughin and {T.A.}~Scambos},
 title       = {Rapid Changes in Ice Discharge from {G}reenland Outlet Glaciers},
 journal     = {Science},
 volume      = {315},
 year        = {2007},
 pages       = {1559-1561}}

@Article{Broeke09,
 author      = {M.~van~den~Broeke and J.~Bamber and J.~Ettema and E.~Rignot and E.~Schrama and {W.J.}~van~de~Berg and E.~van~Meijgaard and I.~Velicogna and B.~Wouters},
 title       = {Partitioning Recent {G}reenland Mass Loss},
 journal     = {Science},
 volume      = {326},
 year        = {2009},
 pages       = {984-986}}

@Article{Arthern10,
author  = {{R.J.}~Arthern and {G.H.}~Gudmundsson},
title	= {Initialization of ice-sheet forecasts viewed as an inverse Robin problem},
journal = jog,
volume	= {56},
number  = {197},
year 	= {2010},
pages	= {527-533}}

@Article{Heimbach09,
author  = {P.~Heimbach and V.~Bugnion},
title	= {{G}reenland ice-sheet volume sensitivity to basal, surface and initial conditions derived from an adjoint model},
journal = aog,
volume	= {50},
number  = {52},
year 	= {2009},
pages	= {67-80}}

@Article{Yan13,
 author      = {Q. Yan and Z. Zhang and Y. Gao and H. Wang and O. M. Johannessan},
 title       = {Sensitivity of the modeled present-day {G}reenland Ice Sheet to climatic forcing and spin-up methods and its influence on future sea level projections},
 journal     = {J. Geophys. Res. Earth Surf.},
 volume      = {118},
 year        = {2013},
 pages       = {2174-2189}, 
 doi         = {10.1002/jgrf.20156}}

@Article{Rogozhina12,
 author      = {I. Rogozhina and J. M. Hagedoorn and Z. Martinec and K. Fleming and O. Soucek and R. Greve and M. Thomas},
 title       = {Effects of uncertainties in the geothermal heat flux distribution on the {G}reenland Ice Sheet: an assessment of existing heat flow models},
 journal     = jgr,
 volume      = {117},
 pages       = {F02025}, 
 doi         = {10.1029/2011JF002098},
 year        = {2012}}

@Article{Hanna13,
author  = {E. Hanna and F. J. Navarro and F. Pattyn and C. M. Domingues and X. Fettweis and E. R. Ivins and R. J. Nicholls and C. Ritz and B. Smith and S. Tulaczyk and P. L. Whitehouse and H. J. Zwally},
title	= {Ice-sheet mass balance and climate change},
journal = {Nature},
volume	= {498},
year 	= {2013},
pages	= {51-59}, 
doi    = {10.1038/nature12238}}

@Article{Goelzer13,
author  = {H. Goelzer and P. Huybrechts and J. J. F\"{u}rst and F. M. Nick and M. L. Andersen and T. L. Edwards and X. Fettweis and A. J. Payne and S. Shannon},
title	= {Sensitivity of {G}reenland ice sheet projections to model formulations},
journal = jog,
volume	= {59},
number  = {216},
year 	= {2013},
pages	= {733-749}, 
doi    = {10.3189/2013JoG12J182}}

@Article{Thomas01,
 author      = {{R.H.}~Thomas and {PARCA}~Investigators},
 title       = {Program for Arctic Regional Climate Assessment (PARCA): Goals, key findings, and future directions},
 journal     = jgr,
 volume      = {106},
 number      = {D24},
 pages       = {33,691-33,705},
 year        = {2001}}

@Article{Thomas00,
 author      = {R.~Thomas and T.~Akins and B.~Csatho and M.~Fahnestock and P.~Gogineni and C.~Kim and J.~Sonntag},
 title       = {Mass Balance of the {G}reenland Ice Sheet at High Elevations},
 journal     = {Science},
 volume      = {289},
 year        = {2000},
 pages       = {426-428}}

@Article{Rae12,
 author      = {{J.G.L.}~Rae and G.~Adalgeirsd\'ottir and {T.L.}~Edwards and X.~Fettweis and {J.M.}~Gregory and {H.T.}~Hewitt and {J.A}~Lowe and P.~Lucas-Picher and {R.H.}~Mottram and {A.J.}~Payne and {J.K.}~Ridley and {S.R.}~Shannon and {W.J.}~van~de~Berg and {R.S.W.}~van~de~Wal and {M.R.}~van~den~Broeke},
 title       = {{G}reenland ice sheet mass balance: evaluating simulations and making projections with regional climate models},
 journal     = {The Cryosphere},
 volume      = {6},
 year        = {2012},
 pages       = {1275-1294}}

@Article{Lucas12,
 author      = {P. Lucas-Picher and M. Wulff-Nielsen and J. H. Christensen and G. Adalgeirsd\'ottir and R. H. Mottram and S. B. Simonsen},
 title       = {Very high resolution regional climate model simulations over {G}reenland: identifying added value},
 journal     = jgr,
 volume      = {117},
 pages       = {D02108}, 
 doi         = {10.1029/2011JD016267},
 year        = {2012}}

@Article{Hansen94,
 author      = {{P.C.}~Hansen},
 title       = { Regularization Tools: A Matlab package for analysis and solution of discrete ill-posed problems},
 journal     = {Numerical Algorithms},
 volume      = {6},
 year        = {1994},
 pages       = {1-35}}

@Article{Andersen15,
author  = {{M.L.}~Andersen and L.~Stenseng and H.~Skourup and W.~Colgan and {S.A.}~Khan and {S.S.}~Kristensen and {S.B.}~Andersen and {J.E.}~Box and {A.P.}~Ahlstrom and X.~Fettweis and R.~Forsgerg},
title	= {Basin-scale partitioning of {G}reenland ice sheet mass balance components (2007-2011)},
journal = {Earth Planet. Sci. Lett.},
volume	= {409},
year 	= {2015},
pages	= {89-95}}

@Article{Edwards14,
author      = {T. L. Edwards and X. Fettweis and O. Gagliardini and F. Gillet-Chaulet and H. Goelzer and J. M. Gregory and M. Hoffman and P. Huybrechts and A. J. Payne and M. Perego and S. Price and A. Quiquet and C. Ritz},
title       = {Effects of uncertainty in surface mass balance-elevation feedback on projections of the future sea level contribution of the {G}reenland ice sheet},
 journal     = {The Cryosphere},
 volume      = {8},
 year        = {2014},
 pages       = {195-208}, 
 doi         = {10.5194/tc-8-195-2014}}

@Article{gladstone_grl_10,
   author = {R. M. Gladstone and V. Lee and A. Vieli and A. J. Payne},
   title = {{Grounding line migration in an adaptive mesh ice sheet model}},
   journal = {J. Geophys. Res.-Earth},
   volume = 115,
   pages = {F04014},
   doi = {0.1029/2009JF001615},
   year = 2010}
   year = 2010}

@Article{Morlighem13,
 author      = {M. Morlighem and H. Seroussi and E. Larour and E. Rignot},
 title       = {Inversion of basal friction in {A}ntartica using exact and incomplete adjoints of a higher-order model},
 journal     = jgr,
 volume      = {118},
 pages       = {1746-1753}, 
 doi         = {10.1002/jgrf.20125},
 year        = {2013}}

@Article{Goldberg11,
author      = {D. N. Goldberg and O. V. Sergienko},
title       = {Data assimilation using a hybrid ice flow model},
 journal     = {The Cryosphere},
 volume      = {5},
 year        = {2011},
 pages       = {315-327}, 
 doi         = {10.5194/tc-5-315-2011}}

@article{Kingslake&al2015,
  title={Modelling channelized surface drainage of supraglacial lakes},
  author={Kingslake, Jonathan and Ng, F and Sole, A},
  journal={Journal of Glaciology},
  volume={61},
  number={225},
  pages={185--199},
  year={2015},
  publisher={Cambridge University Press},
  doi={10.5194/tc-6-493-2012}
}

@article{Isenko&al2005,
  title={Water temperature in englacial and supraglacial channels: Change along the flow and contribution to ice melting on the channel wall},
  author={Isenko, Evgeni and Naruse, Renji and Mavlyudov, Bulat},
  journal={Cold Regions Science and Technology},
  volume={42},
  number={1},
  pages={53--62},
  year={2005},
  publisher={Elsevier},
  doi={10.1016/j.coldregions.2004.12.003},
}

@article{Ancey&al2019,
author = {Ancey, C. and Bardou, E. and Funk, M. and Huss, M. and Werder, M. A. and Trewhela, T.},
title = {Hydraulic Reconstruction of the 1818 {G}iétro Glacial Lake Outburst Flood},
journal = {Water Resources Research},
volume = {55},
number = {11},
pages = {8840-8863},
keywords = {glacial lake outburst flood, dambreak, flood, sediment transport},
doi = {10.1029/2019WR025274},
year = {2019}
}

@article{Jarosch&Gudmundsson2012,
  title={A numerical model for meltwater channel evolution in glaciers},
  author={Jarosch, A. H. and Gudmundsson, M. T.},
  journal={The Cryosphere},
  volume={6},
  number={2},
  pages={493--503},
  year={2012},
  publisher={Copernicus GmbH},
  doi={10.3189/2015JoG14J158}
}

@article{Bjornsson2003,
  title={Subglacial lakes and j{\"o}kulhlaups in {Iceland}},
  author={Bj{\"o}rnsson, Helgi},
  journal={Global and Planetary Change},
  volume={35},
  number={3-4},
  pages={255--271},
  year={2003},
  publisher={Elsevier},
  doi={10.1016/S0921-8181(02)00130-3}
}

@article{Carrivick&Tweed2016,
  title={A global assessment of the societal impacts of glacier outburst floods},
  author={Carrivick, Jonathan L and Tweed, Fiona S},
  journal={Global and Planetary Change},
  volume={144},
  pages={1--16},
  year={2016},
  publisher={Elsevier},
  doi={10.1016/j.gloplacha.2016.07.001}
}

@article{Harrison&al2018,
AUTHOR = {Harrison, S. and Kargel, J. S. and Huggel, C. and Reynolds, J. and Shugar, D. H. and Betts, R. A. and Emmer, A. and Glasser, N. and Haritashya, U. K. and Klime\v{s}, J. and Reinhardt, L. and Schaub, Y. and Wiltshire, A. and Regmi, D. and Vil\'{\i}mek, V.},
TITLE = {Climate change and the global pattern of moraine-dammed glacial lake outburst floods},
JOURNAL = {The Cryosphere},
VOLUME = {12},
YEAR = {2018},
NUMBER = {4},
PAGES = {1195--1209},
DOI = {10.5194/tc-12-1195-2018}
}

@article{Vincent&al2010b,
  title={Origin of the outburst flood from {Glacier de T}{\^e}te {R}ousse in 1892 ({Mont Blanc area, France})},
  author={Vincent, C and Garambois, S and Thibert, E and Lefebvre, E and Le Meur, E and Six, D},
  journal={Journal of Glaciology},
  volume={56},
  number={198},
  pages={688--698},
  year={2010b},
  publisher={Cambridge University Press},
  doi={10.3189/002214310793146188}
}

@Article{Vincent&al2012,
  author={Vincent, Christian and Descloitres, Marc and Garambois, St{\'e}phane and Legchenko, Anatoly and Guyard, H{\'e}l{\`e}ne and Gilbert, Adrien},
  title =        {Detection of a subglacial lake in {G}lacier de {T}{\^e}te {R}ousse ({Mont Blanc} area, {F}rance)},
  journal =      {Journal of Glaciology},
  year =         2012,
  volume =       58,
  number =       211,
  pages =        {866--878},
  DOI =          {10.3189/2012JoG11J179}
}


@article{Gilbert&al2012,
  title={The influence of snow cover thickness on the thermal regime of {T}{\^e}te {Rousse Glacier} ({Mont Blanc} range, 3200 m asl): Consequences for outburst flood hazards and glacier response to climate change},
  author={Gilbert, A and Vincent, C and Wagnon, Patrick and Thibert, E and Rabatel, A},
  journal={Journal of Geophysical Research: Earth Surface},
  volume={117},
  number={F4},
  year={2012},
  publisher={Wiley Online Library},
  doi={10.1029/2011JF002258}
}

@article{Bjornsson2010,
  title={Understanding j{\"o}kulhlaups: from tale to theory},
  author={Bj{\"o}rnsson, Helgi},
  journal={Journal of Glaciology},
  volume={56},
  number={200},
  pages={1002--1010},
  year={2010},
  publisher={Cambridge University Press},
  doi={10.3189/002214311796406086}
}

@article{Mayer&Schuler2005,
  title={Breaching of an ice dam at {Qorlortossup tasia}, {south Greenland}},
  author={Mayer, Christoph and Schuler, Thomas V},
  journal={Annals of Glaciology},
  volume={42},
  pages={297--302},
  year={2005},
  publisher={Cambridge University Press},
  doi={10.3189/172756405781812989}
}

@book{Lipscomb1989,
  title={Flow and hydraulic characteristics of the Knik-Matanuska River estuary, Cook Inlet, southcentral Alaska},
  author={Lipscomb, Stephen W},
  volume={89},
  number={4064},
  year={1989},
  publisher={Department of the Interior, US Geological Survey}
}

@book{Hubbard&Glasser2005,
  title={Field techniques in glaciology and glacial geomorphology},
  author={Hubbard, Bryn and Glasser, Neil F},
  year={2005},
  publisher={John Wiley \& Sons},
  ISBN={ISBN: 978-0-470-84426-7}
}


@misc{Carlson2020,
      title={{MonteCarloMeasurements.jl}: Nonlinear Propagation of Arbitrary Multivariate Distributions by means of Method Overloading},
      author={Fredrik Bagge Carlson},
      year={2020},
      eprint={2001.07625},
      archivePrefix={arXiv},
      primaryClass={cs.MS},
      url           = {https://github.com/baggepinnen/MonteCarloMeasurements.jl},
}


@article{Aydin&al2002,
  title={Measurement of small discharges in open channels by slit weir},
  author={Aydin, Ismail and Ger, A Metin and Hincal, Onur},
  journal={Journal of Hydraulic Engineering},
  volume={128},
  number={2},
  pages={234--237},
  year={2002},
  publisher={American Society of Civil Engineers},
  doi={10.1061/(ASCE)0733-9429(2002)128:2(234)}
}

@article{Aydin&al2006,
  title={Performance of slit weir},
  author={Aydin, Ismail and Altan-Sakarya, A Burcu and Ger, A Metin},
  journal={Journal of Hydraulic Engineering},
  volume={132},
  number={9},
  pages={987--989},
  year={2006},
  publisher={American Society of Civil Engineers},
  doi={10.1061/(ASCE)0733-9429(2006)132:9(987)}
}

@article{Lindner&al2020,
  title={Glaciohydraulic seismic tremors on an {A}lpine glacier},
  author={Lindner, Fabian and Walter, Fabian and Laske, Gabi and Gimbert, Florent},
  journal={The Cryosphere},
  volume={14},
  number={1},
  pages={287--308},
  year={2020},
  publisher={Copernicus GmbH},
  doi={10.5194/tc-14-287-2020}
}

@article{Mernild&al2006,
  title={Water flow through {M}ittivakkat Glacier, {A}mmassalik Island, {SE} {G}reenland},
  author={Mernild, Sebastian H and Hasholt, Bent and Liston, Glen E},
  journal={Geografisk Tidsskrift-Danish Journal of Geography},
  volume={106},
  number={1},
  pages={25--43},
  year={2006},
  publisher={Taylor \& Francis},
  doi={10.1080/00167223.2006.10649543}
}

@techreport{Lunardini&al1986,
  title={Experimental determination of heat transfer coefficients in water flowing over a horizontal ice sheet},
  author={Lunardini, V.J and Zisson J.R and Yen, Y.c},
  volume={86},
  number={3},
  year={1986},
  institution={US Army Corps of Engineers, Cold Regions Research \& Engineering Laboratory}
}

@article{Vatne&al2016,
  title={Morphological dynamics of an englacial channel},
  author={Vatne, Geir and Irvine-Fynn, Tristram},
  journal={Hydrology and Earth System Sciences},
  volume={20},
  number={7},
  pages={2947--2964},
  year={2016},
  publisher={European Geosciences Union},
  doi={10.5194/hessd-12-7615-2015}
}

@techreport{GlaciologicalReport2018,
     title = {{The {S}wiss Glaciers 2015/16 and 2016/17, Bauder, A., Huss. M., Linsbauer, A. (eds.). Glaciological Report No. 137/138 of the Cryospheric Commission (EKK) of the Swiss Academy of Sciences (SCNAT) published by VAW / ETH Zürich}},
     author = {GLAMOS},
     year = {2018},
     doi={10.18752/glrep 137-138}
}

@article{Gleason&al2016,
  title={Characterizing supraglacial meltwater channel hydraulics on the {G}reenland {I}ce {S}heet from in situ observations},
  author={Gleason, Colin J and Smith, Laurence C and Chu, Vena W and Legleiter, Carl J and Pitcher, Lincoln H and Overstreet, Brandon T and Rennermalm, Asa K and Forster, Richard R and Yang, Kang},
  journal={Earth Surface Processes and Landforms},
  volume={41},
  number={14},
  pages={2111--2122},
  year={2016},
  publisher={Wiley Online Library},
  doi={10.1002/esp.3977}
}

@article{Shugar&al2020,
  title={Rapid worldwide growth of glacial lakes since 1990},
  author={Shugar, Dan H and Burr, Aaron and Haritashya, Umesh K and Kargel, Jeffrey S and Watson, C Scott and Kennedy, Maureen C and Bevington, Alexandre R and Betts, Richard A and Harrison, Stephan and Strattman, Katherine},
  journal={Nature Climate Change},
  volume={10},
  number={10},
  pages={939--945},
  year={2020},
  publisher={Nature Publishing Group},
  doi={10.1038/s41558-020-0855-4}
}

@article{Sommers&Rajaram2020,
author = {Sommers, A. N. and Rajaram, H.},
title = {Energy Transfer by Turbulent Dissipation in Glacial Conduits},
journal = {Journal of Geophysical Research: Earth Surface},
volume = {125},
number = {10},
keywords = {heat transfer, glacial hydrology, dissipation},
doi = {10.1029/2019JF005502},
year = {2020}
}


@book{Incropera&al2007,
  title={Fundamentals of heat and mass transfer},
  author={Incropera, Frank P and Lavine, Adrienne S and Bergman, Theodore L and DeWitt, David P},
  year={2007},
  publisher={Wiley}
}

@article{Huss&al2013b,
  title={Implications of climate change on {G}lacier de la {P}laine {M}orte, {S}witzerland},
  author={Huss, Matthias and Voinesco, A and Hoelzle, M},
  journal={Geographica Helvetica},
  volume={68},
  number={4},
  pages={227--237},
  year={2013},
  doi={10.5194/gh-68-227-2013},
  publisher={Copernicus GmbH}
}

@article{Karlstrom&al2013,
author = {Karlstrom, Leif and Gajjar, Parmesh and Manga, Michael},
title = {Meander formation in supraglacial streams},
journal = {Journal of Geophysical Research: Earth Surface},
volume = {118},
number = {3},
pages = {1897-1907},
year = {2013},
doi = {10.1002/jgrf.20135}
}

@article{Brinkerhoff&al2021,
        doi = {10.1017/jog.2020.112},
        year = 2021,
        publisher = {Cambridge University Press ({CUP})},
        pages = {1--19},
        author = {D. Brinkerhoff and A. Aschwanden and M. Fahnestock},
        title = {Constraining subglacial processes from surface velocity observations using surrogate-based {Bayesian} inference},
        journal = {Journal of Glaciology}
}

@article{Irarrazaval&al2021,
        doi = {10.1017/jog.2020.116},
        year = 2021,
        publisher = {Cambridge University Press ({CUP})},
        pages = {1--14},
        author = {I. Irarrazaval and M. A. Werder and M. Huss and F. Herman and G. Mariethoz},
        title = {Determining the evolution of an alpine glacier drainage system by solving inverse problems},
        journal = {Journal of Glaciology}
}

@article{Karlstrom&al2014,
        doi = {10.5194/tc-8-537-2014},
        year = 2014,
        publisher = {Copernicus {GmbH}},
        volume = {8},
        number = {2},
        pages = {537--546},
        author = {L. Karlstrom and A. Zok and M. Manga},
        title = {Near-surface permeability in a supraglacial drainage basin on the Llewellyn Glacier, Juneau Icefield, British Columbia},
        journal = {The Cryosphere}
}

@article{Pitcher&Smith2019,
        doi = {10.1146/annurev-earth-053018-060212},
        year = 2019,
        publisher = {Annual Reviews},
        volume = {47},
        number = {1},
        pages = {421--452},
        author = {L. H Pitcher and L. C. Smith},
        title = {Supraglacial Streams and Rivers},
        journal = {Ann. Rev. Earth Planet. Sci.}
}

@article{McGrath&al2011,
        doi = {10.3189/002214311798043735},
        year = 2011,
        publisher = {Cambridge University Press ({CUP})},
        volume = {57},
        number = {205},
        pages = {954--964},
        author = {D. McGrath and W. Colgan and K. Steffen and P. Lauffenburger and J. Balog},
        title = {Assessing the summer water budget of a moulin basin in the Sermeq Avannarleq ablation region, {Greenland Ice Sheet}},
        journal = {J. Glaciol.}
}

@article{Kamintzis&al2018,
        doi = {10.1080/04353676.2018.1549945},
        year = 2018,
        publisher = {Informa {UK} Limited},
        volume = {101},
        number = {2},
        pages = {118--135},
        author = {J. E. Kamintzis and T. D. L. Irvine-Fynn and T. O. Holt and J. P. P. Jones and S. Tooth and H. Griffiths and B. Hubbard},
        title = {Knickpoint evolution in a supraglacial stream},
        journal = {Geografiska Annaler: Series A, Phys. Geography}
}

@article{Alexander&al2020,
        doi = {10.5194/tc-14-1009-2020},
        year = 2020,
        publisher = {Copernicus {GmbH}},
        volume = {14},
        number = {3},
        pages = {1009--1023},
        author = {A. Alexander and M. Kruusmaa and J. A. Tuhtan and A. J. Hodson and T. V. Schuler and A. Kääb},
        title = {Pressure and inertia sensing drifters for glacial hydrology flow path measurements},
        journal = {The Cryosphere}
}

@article{Smith&al2015,
  title={Efficient meltwater drainage through supraglacial streams and rivers on the southwest {G}reenland ice sheet},
  author={Smith, Laurence C and Chu, Vena W and Yang, Kang and Gleason, Colin J and Pitcher, Lincoln H and Rennermalm, Asa K and Legleiter, Carl J and Behar, Alberto E and Overstreet, Brandon T and Moustafa, Samiah E and others},
  journal={Proceedings of the National Academy of Sciences},
  volume={112},
  number={4},
  pages={1001--1006},
  year={2015},
  publisher={National Acad Sciences},
  doi = {10.1073/pnas.1413024112}
}

@article{Bagshaw&al2012,
        doi = {10.1002/hyp.9451},
        year = 2012,
        publisher = {Wiley},
        volume = {26},
        number = {20},
        pages = {3157--3160},
        author = {E. A. Bagshaw and S. Burrow and J. L. Wadham and J. Bowden and B. Lishman and M. Salter and R. Barnes and P. Nienow},
        title = {E-tracers: Development of a low cost wireless technique for exploring sub-surface hydrological systems},
        journal = {Hydrological Proc.}
}

@article{Prior_Jones&al2021,
        doi = {10.1017/jog.2021.16},
        year = 2021,
        publisher = {Cambridge University Press ({CUP})},
        pages = {1--14},
        author = {M. R. Prior-Jones and E. A. Bagshaw and J. Lees and L. Clare and S. Burrow and M. A. Werder and N. B. Karlsson and D. Dahl-Jensen and T. R. Chudley and P. Christoffersen and J. L. Wadham and S. H. Doyle and B. Hubbard},
        title = {Cryoegg: development and field trials of a wireless subglacial probe for deep, fast-moving ice},
        journal = {J. Glaciol.}
}

@article{Finger&al2013,
  title={Identification of glacial meltwater runoff in a karstic environment and its implication for present and future water availability},
  author={Finger, David and Hugentobler, Andreas and Huss, Matthias and Voinesco, Alice and Wernli, Heini and Fischer, Daniela and Weber, Eric and Jeannin, P-Y and Kauzlaric, Martina and Wirz, Andrea and others},
  journal={Hydrology and earth system sciences},
  volume={17},
  number={8},
  pages={3261--3277},
  year={2013},
  publisher={Copernicus GmbH},
  doi={10.5194/hess-17-3261-2013}
}

@article{Huss&al2021,
  title={More than a century of direct glacier mass-balance observations on Claridenfirn, Switzerland},
  author={Huss, Matthias and Bauder, Andreas and Linsbauer, Andreas and Gabbi, Jeannette and Kappenberger, Giovanni and Steinegger, Urs and Farinotti, Daniel},
  journal={Journal of Glaciology},
  pages={1--17},
  year={2021},
  publisher={Cambridge University Press},
  doi={10.1017/jog.2021.22}
}

@techreport{GlaciologicalReport2020,
     title = {{The Swiss Glaciers 2017/18 and 2018/19, Bauder, A., Huss. M., Linsbauer, A. (eds.), Glaciological Report No. 139/140 of the Cryospheric Commission (EKK) of the Swiss Academy of Sciences (SCNAT) published by VAW / ETH Zürich}},
     author = {GLAMOS},
     year = {2020},
     doi={10.18752/glrep_139-140}
}

%GLAMOS (2020). The Swiss Glaciers 2017/18 and 2018/19, Bauder, A., Huss. M., Linsbauer, A. (eds.), Glaciological Report No. 139/140 of the Cryospheric Commission (EKK) of the Swiss Academy of Sciences (SCNAT) published by VAW / ETH Zürich, doi: 10.18752/glrep_139-140.

@techreport{HydrologicalYearbookofSwitzerland2019,
    title = {{Hydrologisches Jahrbuch der Schweiz 2019}},
    author = {{Bundesamt für Umwelt}},
    year = {2020},
    url  = {https://www.bafu.admin.ch/uz-2019-d},
    institution = {Bundesamt für Umwelt},
    address = {Bern},
    pages={40},
    urldate = {2021:04:7}
}

@online{GemeindeLenk2019,
    author = {{Gemeinde Lenk}},
    year = {2019},
    title = {Informationsveranstaltung Hochwasserschutz Gletschersee und Simme},
    url  = {https://web.archive.org/web/20210517092845/http://www.lenkgemeinde.ch/dl.php/de/5c423874232b9/Informationsanlass_HWS_2019-01-18.pdf},
    urldate = {2021:04:15}
}

@article{Bjoernsson2002,
  author =       {H. Bj{\"o}rnsson},
  title =        {Subglacial lakes and j{\"o}kulhlaups in {I}celand},
  journal =      {Global and {P}lanetary {C}hange},
  volume =       35,
  year =         2002,
  doi =          {10.1016/S0921-8181(02)00130-3},
  pages =        {255-271}
}

@article{Bjoernsson1992,
  title={J{\"o}kulhlaups in Iceland: prediction, characteristics and simulation},
  author={Bj{\"o}rnsson, Helgi},
  journal={Annals of Glaciology},
  volume={16},
  pages={95--106},
  year={1992},
  doi = {10.3189/1992AoG16-1-95-106},
  publisher={Cambridge University Press}
}

@article{Clarke2003,
  title={Hydraulics of subglacial outburst floods: new insights from the {S}pring--{H}utter formulation},
  author={Clarke, Garry KC},
  journal={Journal of Glaciology},
  volume={49},
  number={165},
  pages={299--313},
  year={2003},
  doi = {10.3189/172756503781830728},
  publisher={Cambridge University Press}
}

@article{Haeberli1983,
  title={Frequency and characteristics of glacier floods in the Swiss Alps},
  author={Haeberli, Wilfried},
  journal={Annals of Glaciology},
  volume={4},
  pages={85--90},
  year={1983},
  doi={10.3189/S0260305500005280},
  publisher={Cambridge University Press}
}

@article{Hock1999,
  title={A distributed temperature-index ice-and snowmelt model including potential direct solar radiation},
  author={Hock, Regine},
  journal={Journal of glaciology},
  volume={45},
  number={149},
  pages={101--111},
  year={1999},
  doi={10.3189/S0022143000003087},
  publisher={Cambridge University Press}
}

@article{Huss&al2015a,
  title={New long-term mass-balance series for the Swiss Alps},
  author={Huss, Matthias and Dhulst, Laurie and Bauder, Andreas},
  journal={Journal of Glaciology},
  volume={61},
  number={227},
  pages={551--562},
  year={2015},
  doi={10.3189/2015JoG15J015},
  publisher={Cambridge University Press}
}

@article{Nye1976,
  title={Water flow in glaciers: j{\"o}kulhlaups, tunnels and veins},
  author={Nye, John F},
  journal={Journal of Glaciology},
  volume={17},
  number={76},
  pages={181--207},
  year={1976},
  doi={10.3189/S002214300001354X},
  publisher={Cambridge University Press}
}

@article{Raymond&Nolan2000,
  title={Drainage of a glacial lake through an ice spillway},
  author={Raymond, Charles F and Nolan, MATT},
  journal={IAHS publication},
  pages={199--210},
  year={2000}
}

@article{Roethlisberger1972,
  title={Water pressure in intra- and subglacial channels},
  author={R{\"o}thlisberger, Hans},
  journal={Journal of Glaciology},
  volume={11},
  number={62},
  pages={177--203},
  year={1972},
  doi={10.3189/S0022143000022188},
  publisher={Cambridge University Press}
}

@article{Richardson&Reynolds2000,
  title={An overview of glacial hazards in the {H}imalayas},
  author={Richardson, Shaun D and Reynolds, John M},
  journal={Quaternary International},
  volume={65},
  pages={31--47},
  year={2000},
  doi={10.1016/S1040-6182(99)00035-X},
  publisher={Elsevier}
}

@article{Spring&Hutter1981,
  title={Numerical studies of j{\"o}kulhlaups},
  author={Spring, Ulrich and Hutter, Kolumban},
  journal={Cold Regions Science and Technology},
  volume={4},
  number={3},
  pages={227--244},
  year={1981},
  doi={10.1016/0165-232X(81)90006-9},
  publisher={Elsevier}
}

@article{Vincent&al2010,
  title={Outburst flood hazard for glacier-dammed Lac de Rochemelon, France},
  author={Vincent, C and Auclair, Samuel and Le Meur, E},
  journal={Journal of Glaciology},
  volume={56},
  number={195},
  pages={91--100},
  year={2010},
  doi={10.3189/002214310791190857},
  publisher={Cambridge University Press}
}

@article{Walder&Costa1996,
  title={Outburst floods from glacier-dammed lakes: The effect of mode of lake drainage on flood magnitude},
  author={Walder, Joseph S and Costa, John E},
  journal={Earth Surface Processes and Landforms},
  volume={21},
  number={8},
  pages={701--723},
  year={1996},
  doi={10.1002/(SICI)1096-9837(199608)21:8<701::AID-ESP615>3.0.CO;2-2},
  publisher={Wiley Online Library}
}

@article{Roberts2005,
  author =       {M. J. Roberts},
  title =        {J{\"o}kulhlaups: a reassessment of floodwater flow through
                  glaciers},
  journal =      {Review of {G}eophysics},
  year =         2005,
  volume =       43,
  number =       {RG1002},
  DOI =          {10.1029/2003RG000147}
}

@book{Shah&London1978,
  AUTHOR =       {R. K. Shah and A. L. London},
  KEY =          {N 243 a:1},
  abstract =     {presents the available analytical solutions for laminar
                  fluid flow and forced convection heat transfer in circular
                  and noncircular pipes. EDITOR = {R. F. Irvine, Jr. and
                  J. P. Hartnett}, },
  PUBLISHER =    {Academic Press, Inc.},
  SERIES =       {Advances in Heat Transfer},
  TITLE =        {Laminar Flow Forced Convection in Ducts},
  ADDRESS =      {New York},
  YEAR =         1978
}

@article{Tweed&Russel1999,
  title={Controls on the formation and sudden drainage of glacier-impounded lakes: implications for j{\"o}kulhlaup characteristics},
  author={Tweed, Fiona S and Russell, Andrew J},
  journal={Progress in Physical Geography},
  volume={23},
  number={1},
  pages={79--110},
  year={1999},
  publisher={Sage Publications Sage CA: Thousand Oaks, CA},
  DOI = {10.1177/030913339902300104}
}

@article{Ogier&al2021,
  title={Drainage of an ice-dammed lake through a supraglacial stream: hydraulics and thermodynamics},
  author={Ogier, Christophe and Werder, Mauro A and Huss, Matthias and Kull, Isabelle and Hodel, David and Farinotti, Daniel},
  journal={The Cryosphere},
  volume={15},
  number={11},
  pages={5133--5150},
  year={2021},
  publisher={Copernicus GmbH},
  DOI={10.5194/tc-15-5133-2021}
}

@article{Fountain&Walder1998,
  title={Water flow through temperate glaciers},
  author={Fountain, Andrew G and Walder, Joseph S},
  journal={Reviews of Geophysics},
  volume={36},
  number={3},
  pages={299--328},
  year={1998},
  publisher={Wiley Online Library},
  DOI={10.1029/97RG03579}
}

@techreport{GlaciologicalReport2007,
     title = {{The Swiss Glaciers 2005/2006 and 2006/2007, Bauder, A., Funk, M., Huss, M., Kappenberger, G., Machguth, H., Paul, F. (eds.). Glaciological Report No. 127/128 of the Cryospheric Commission (EKK) of the Swiss Academy of Sciences (SCNAT) published by VAW / ETH Zürich}},
     author = {GLAMOS},
     year = {2007},
     ISSN = {ISSN 1424-2222},
     doi={10.18752/glrep_127-128}
}

@book{Hagen1944,
  AUTHOR =       {Hagen, T.},
  TITLE =        {Der Gletscherausbruch von Ferpècle. Die Alpen, 23, 269-274},
  YEAR =         1944
}

@article{Egli&al2021,
  title={Subglacial channels, climate warming, and increasing frequency of Alpine glacier snout collapse},
  author={Egli, Pascal E and Belotti, Bruno and Ouvry, Boris and Irving, James and Lane, Stuart N},
  journal={Geophysical Research Letters},
  pages={e2021GL096031},
  year={2021},
  publisher={Wiley Online Library},
  DOI={10.1029/2021GL096031}
}


@article{Odell1960,
  title={The mountains and glaciers of New Zealand},
  author={Odell, NE},
  journal={Journal of Glaciology},
  volume={3},
  number={28},
  pages={739--744},
  year={1960},
  publisher={Cambridge University Press},
  DOI={10.3189/S0022143000018049}
}

@article{Paige1956,
  title={Subglacial stoping or block caving: a type of glacier ablation},
  author={Paige, Russell A},
  journal={Journal of Glaciology},
  volume={2},
  number={20},
  pages={727--729},
  year={1956},
  publisher={Cambridge University Press},
  DOI={10.3189/S0022143000024977}
}

@article{Morrison1958,
  title={Circular crevasses, lakeless shores and rotating glaciers of the Homathko Snowfield},
  author={Morrison, A},
  journal={Calladiall Alpine Journal},
  volume={41},
  pages={86--88},
  year={1958}
}

@article{Stocker&al2017,
  title={Funnel-shaped surface depressions—Indicator or accelerant of rapid glacier disintegration? A case study in the Tyrolean Alps},
  author={Stocker-Waldhuber, Martin and Fischer, Andrea and Keller, Lorenz and Morche, David and Kuhn, Michael},
  journal={Geomorphology},
  volume={287},
  pages={58--72},
  year={2017},
  publisher={Elsevier},
  DOI={10.1016/j.geomorph.2016.11.006}
}

@article{Kellerer&Kulmer2019,
  title={The evolution of brittle and ductile structures at the surface of a partly debris-covered, rapidly thinning and slowly moving glacier in 1998--2012 (Pasterze Glacier, Austria)},
  author={Kellerer-Pirklbauer, Andreas and Kulmer, Bernd},
  journal={Earth Surface Processes and Landforms},
  volume={44},
  number={5},
  pages={1034--1049},
  year={2019},
  publisher={Wiley Online Library},
  DOI={10.1002/esp.4552}
}

@article{Dewald&al2021,
title = {Distribution, characteristics and formation of esker enlargements},
journal = {Geomorphology},
volume = {392},
pages = {107919},
year = {2021},
issn = {0169-555X},
doi = {10.1016/j.geomorph.2021.107919},
author = {Nico Dewald and Emma L.M. Lewington and Stephen J. Livingstone and Chris D. Clark and Robert D. Storrar},
}


@article{Konrad1998,
  title={Possible outburst floods from debris-covered glaciers in the Sierra Nevada, California},
  author={Konrad, Sarah K},
  journal={Geografiska Annaler: Series A, Physical Geography},
  volume={80},
  number={3-4},
  pages={183--192},
  year={1998},
  publisher={Wiley Online Library},
  doi={10.1111/j.0435-3676.1998.00036.x}
}

@article{Shreve1972,
  title={Movement of water in glaciers},
  author={Shreve, RL},
  journal={Journal of Glaciology},
  volume={11},
  number={62},
  pages={205--214},
  year={1972},
  publisher={Cambridge University Press},
  doi={10.3189/S002214300002219X}
}

@article{Grab&al2021,
  title={Ice thickness distribution of all Swiss glaciers based on extended ground-penetrating radar data and glaciological modeling},
  author={Grab, Melchior and Mattea, Enrico and Bauder, Andreas and Huss, Matthias and Rabenstein, Lasse and Hodel, Elias and Linsbauer, Andreas and Langhammer, Lisbeth and Schmid, Lino and Church, Gregory and others},
  journal={Journal of Glaciology},
  volume={67},
  number={266},
  pages={1074--1092},
  year={2021},
  publisher={Cambridge University Press},
  doi={10.1017/jog.2021.55}
}

@article{Millan&al2022,
  title={Ice velocity and thickness of the world’s glaciers},
  author={Millan, Romain and Mouginot, J{\'e}r{\'e}mie and Rabatel, Antoine and Morlighem, Mathieu},
  journal={Nature Geoscience},
  volume={15},
  number={2},
  pages={124--129},
  year={2022},
  publisher={Nature Publishing Group},
  doi={10.1038/s41561-021-00885-z}
  }
  
  @article{Huss&Fischer2016,
  title={Sensitivity of very small glaciers in the Swiss Alps to future climate change},
  author={Huss, Matthias and Fischer, Mauro},
  journal={Frontiers in Earth Science},
  volume={4},
  pages={34},
  year={2016},
  publisher={Frontiers},
  doi={10.3389/feart.2016.00034}
}

@article{Iken&Bindschadler1986,
  title={{Combined measurements of subglacial water pressure and surface velocity of Findelengletscher, Switzerland: conclusions about drainage system and sliding mechanism}},
  author={Iken, Almut and Bindschadler, Robert A},
  journal={Journal of Glaciology},
  volume={32},
  number={110},
  pages={101--119},
  year={1986},
  publisher={Cambridge University Press},
  doi={10.3189/S0022143000006936}
}

@article{Huss&al2007, 
title={Glacier-dammed lake outburst events of Gornersee, Switzerland}, 
volume={53}, 
DOI={10.3189/172756507782202784}, 
number={181}, 
journal={Journal of Glaciology}, 
publisher={Cambridge University Press}, 
author={Huss, Matthias and Bauder, Andreas and Werder, Mauro and Funk, Martin and Hock, Regine}, 
year={2007}, 
pages={189–200}
}

@article{Werder&al2013,
  title={Modeling channelized and distributed subglacial drainage in two dimensions},
  author={Werder, Mauro A and Hewitt, Ian J and Schoof, Christian G and Flowers, Gwenn E},
  journal={Journal of Geophysical Research: Earth Surface},
  volume={118},
  number={4},
  pages={2140--2158},
  year={2013},
  publisher={Wiley Online Library},
  doi={10.1002/jgrf.20146}
}

@article{Werder2016,
  title={The hydrology of subglacial overdeepenings: a new supercooling threshold formula},
  author={Werder, Mauro A},
  journal={Geophysical Research Letters},
  volume={43},
  number={5},
  pages={2045--2052},
  year={2016},
  publisher={Wiley Online Library},
  doi={10.1002/2015GL067542}
}

@Article{Church&al2020,
AUTHOR = {Church, G. and Grab, M. and Schmelzbach, C. and Bauder, A. and Maurer, H.},
TITLE = {Monitoring the seasonal changes of an englacial conduit network using repeated ground-penetrating radar measurements},
JOURNAL = {The Cryosphere},
VOLUME = {14},
YEAR = {2020},
NUMBER = {10},
PAGES = {3269--3286},
DOI = {10.5194/tc-14-3269-2020}
}

@Article{Church&al2021,
AUTHOR = {Church, G. and Bauder, A. and Grab, M. and Maurer, H.},
TITLE = {{Ground-penetrating radar imaging reveals glacier's drainage network in 3D}},
JOURNAL = {The Cryosphere},
VOLUME = {15},
YEAR = {2021},
NUMBER = {8},
PAGES = {3975--3988},
DOI = {10.5194/tc-15-3975-2021}
}

@article{Werde&al2009,
  title={Dye tracing a j{\"o}kulhlaup: I. Subglacial water transit speed and water-storage mechanism},
  author={Werder, Mauro A and Loye, Alexandre and Funk, Martin},
  journal={Journal of Glaciology},
  volume={55},
  number={193},
  pages={889--898},
  year={2009},
  publisher={Cambridge University Press},
  doi={10.3189/002214309790152447}
}

@article{Graff&al2021,
  title={Fine Structure of Microseismic Glacial Stick-Slip},
  author={Gr{\"a}ff, Dominik and K{\"o}pfli, Manuela and Lipovsky, Bradley Paul and Selvadurai, Paul Antony and Farinotti, Daniel and Walter, Fabian},
  journal={Geophysical Research Letters},
  volume={48},
  number={22},
  pages={e2021GL096043},
  year={2021},
  publisher={Wiley Online Library},
  doi={10.1029/2021GL096043}
}


@techreport{Raymond&al2003,
  title =        {Inventar gef{\"a}hrlicher {G}letscher in der {S}chweiz},
  author =       {M. Raymond and M. Wegmann and M. Funk},
  year =         {2003},
  institution =  {VAW},
  type =         {Mitteilung},
  number =       {182},
  note={available at https://ethz.ch/content/dam/ethz/special-interest/baug/vaw/vaw-dam/documents/das-institut/mitteilungen/2000-2009/182.pdf (last visit April 2024)}
}

@article{Veh&al2022,
author = {Veh, Georg and Lützow, Natalie and Kharlamova, Varvara and Petrakov, Dmitry and Hugonnet, Romain and Korup, Oliver},
title = {Trends, Breaks, and Biases in the Frequency of Reported Glacier Lake Outburst Floods},
journal = {Earth's Future},
volume = {10},
number = {3},
pages = {e2021EF002426},
keywords = {glaciers, climate change, hazard, mountains, cryosphere, frequency},
doi = {10.1029/2021EF002426},
year = {2022}
}

@article{O'Callagan&al1984,
  title={The extraction of drainage networks from digital elevation data},
  author={O'Callaghan, John F and Mark, David M},
  journal={Computer vision, graphics, and image processing},
  volume={28},
  number={3},
  pages={323--344},
  year={1984},
  publisher={Academic Press},
  doi={10.1016/S0734-189X(84)80011-0}
}

@article{Kendrick&al2018,
author = {Kendrick, A. K. and Schroeder, D. M. and Chu, W. and Young, T. J. and Christoffersen, P. and Todd, J. and Doyle, S. H. and Box, J. E. and Hubbard, A. and Hubbard, B. and Brennan, P. V. and Nicholls, K. W. and Lok, L. B.},
title = {Surface Meltwater Impounded by Seasonal Englacial Storage in West Greenland},
journal = {Geophysical Research Letters},
volume = {45},
number = {19},
pages = {10,474-10,481},
keywords = {glacial hydrology, radio glaciology, englacial storage, subglacial drainage, Greenland Ice Sheet},
doi = {10.1029/2018GL079787},
year = {2018}
}

@article{Jacobel&al2001,
  title={Studies of englacial water in Storglaci{\"a}ren using GPR-year two},
  author={Jacobel, Robert W and Peterson, Erin M and Stone, Douglas R and Fountain, Andrew G},
  journal={Tarfala Research Station Annual Report},
  volume={2002},
  pages={3--8},
  year={2001},
  publisher={Citeseer}
}

@article{Langhammer&al2019,
  title={Glacier bed surveying with helicopter-borne dual-polarization ground-penetrating radar},
  author={Langhammer, Lisbeth and Rabenstein, Lasse and Schmid, Lino and Bauder, Andreas and Grab, Melchior and Schaer, Philipp and Maurer, Hansruedi},
  journal={Journal of Glaciology},
  volume={65},
  number={249},
  pages={123--135},
  year={2019},
  publisher={Cambridge University Press},
  doi={10.1017/jog.2018.99}
}

@article{Garambois&al2016,
  author ={Garambois, S. and Legchenko, A. and Vincent, C. and Thibert, E.},
  title  ={{Ground-penetrating radar and surface nuclear magnetic resonance monitoring of an englacial water-filled cavity in the polythermal glacier of {T}\^ete {R}ousse}},
  journal={Geophysics},
  year   ={2016},
  volume ={81},
  number ={1},
  pages  ={131-146},
  doi={10.1190/GEO2015-0125.1},
}

@article{Deline&al2004,
  title={The {J}uly 2003 {F}r{\'e}bouge debris flow ({M}ont {B}lanc {M}assif, {V}alley of {A}osta, {I}taly): water pocket outburst flood and ice avalanche damming},
  author={Deline, Philip and Chiarle, Marta and Mortara, Giovanni},
  journal={Geografia Fisica e Dinamica Quaternaria},
  volume={27},
  number={2},
  pages={107--111},
  year={2004},
  url={http://www.glaciologia.it/wp-content/uploads/FullText/full_text_27_2/01_GFDQ_27_2_Deline_107_111.pdf},
}

%% Report for Triftbach
@techreport{geoplan2020,
 author ={{Geoplan~AG}},
 title  ={{Flood event at {T}riftbach {Z}ermatt, 24 July 2019 -- {D}iscussion of the triggering mechanism (in German)}},
 institution = {{Geoplan AG, Steg. Report VS 500013}},
 year  = {2020},
}

%% Report Hubelgletscher
@misc{fink2004,
 author ={Fink, Andreas},
 title  ={{Debris flow of {R}ote {B}ach ({L}auterbrunnen {V}alley, {B}ernese {O}berland) on {A}ugust 4th, 2004}},
 howpublished = {{Institute of Geophysics and Meteorology, University of Cologne, Germany}},
 year  = {2004},
}

@article{hertrich2008,
  author ={Hertrich, M.},
  title  ={{Imaging of groundwater with nuclear magnetic resonance}},
  journal={Progress in Nuclear Magnetic Resonance Spectroscopy},
  year   ={2008},
  volume ={53},
  number ={4},
  pages  ={227},
  doi={10.1016/j.pnmrs.2008.01.002},
}

@book{shih2010,
  author={Shih, F. Y.},
  title={{Image processing and pattern recognition: fundamentals and techniques}},
  year={2010},
  publisher={John Wiley \& Sons},
  note={ISBN: 978-0-470-40461-4},
}

@article{Rebetez2008,
  title={Monthly air temperature trends in {S}witzerland 1901--2000 and 1975--2004},
  author={Rebetez, M and Reinhard, M},
  journal={Theoretical and Applied Climatology},
  volume={91},
  number={1},
  pages={27--34},
  year={2008},
  publisher={Springer},
  doi={10.1007/s00704-007-0296-2}
}

@article{Langhammer&al2017,
  title={Ground-penetrating radar antenna orientation effects on temperate mountain glaciers},
  author={Langhammer, Lisbeth and Rabenstein, Lasse and Bauder, Andreas and Maurer, Hansruedi},
  journal={Geophysics},
  volume={82},
  number={3},
  pages={H15--H24},
  year={2017},
  publisher={Society of Exploration Geophysicists},
  doi={10.1190/geo2016-0341.1}
}

@article{Swift&al2021,
  title={The hydrology of glacier-bed overdeepenings: Sediment transport mechanics, drainage system morphology, and geomorphological implications},
  author={Swift, Darrel A and Tallentire, Guy D and Farinotti, Daniel and Cook, Simon J and Higson, William J and Bryant, Robert G},
  journal={Earth Surface Processes and Landforms},
  volume={46},
  number={11},
  pages={2264--2278},
  year={2021},
  publisher={Wiley Online Library},
  doi={10.1002/esp.5173}
  }

@article{Hooke&Pohjola1994,
  title={Hydrology of a segment of a glacier situated in an overdeepening, {S}torglaci{\"a}ren, {S}weden},
  author={Hooke, Roger Leb and Pohjola, Veijo A},
  journal={Journal of Glaciology},
  volume={40},
  number={134},
  pages={140--148},
  year={1994},
  publisher={Cambridge University Press},
  doi={10.3189/S0022143000003919}
}

@article{Collins1990,
  title={Seasonal and annual variations of suspended sediment transport in meltwaters draining from an {A}lpine glacier},
  author={Collins, David N},
  journal={Hydrology in Mountainous Regions I: Hydrological Measurements; the Water Cycle},
  volume={193},
  pages={439--446},
  year={1990},
  doi={}
}

@book{Cuffey&Paterson2010,
  title={The physics of glaciers},
  author={Cuffey, Kurt M and Paterson, William Stanley Bryce},
  year={2010},
  publisher={Academic Press}
}

@article{Alley&al1998,
  title={Glaciohydraulic supercooling: a freeze-on mechanism to create stratified, debris-rich basal ice: II. {T}heory},
  author={Alley, Richard B and Lawson, Daniel E and Evenson, Edward B and Strasser, Jeffrey C and Larson, Grahame J},
  journal={Journal of Glaciology},
  volume={44},
  number={148},
  pages={563--569},
  year={1998},
  publisher={Cambridge University Press},
  doi={10.3189/S0022143000002070}
}

@article{Rounce&al2017,
    AUTHOR = {Rounce, D. R. and Byers, A. C. and Byers, E. A. and McKinney, D. C.},
    TITLE = {Brief communication: Observations of a glacier outburst flood from {L}hotse {G}lacier, {E}verest area, {N}epal},
    JOURNAL = {The Cryosphere},
    VOLUME = {11},
    YEAR = {2017},
    NUMBER = {1},
    PAGES = {443--449},
    DOI = {10.5194/tc-11-443-2017}
}

@article{Warburton&Fenn1994,
  title={Unusual flood events from an {A}lpine glacier: observations and deductions on generating mechanisms},
  author={Warburton, J and Fenn, C R},
  journal={Journal of Glaciology},
  volume={40},
  number={134},
  pages={176--186},
  year={1994},
  publisher={Cambridge University Press},
  doi={10.3189/S0022143000003956}
}

@article{Vivian&Bocquet1973,
  author ={Vivian, R. and Bocquet, G.},
  title  ={{Subglacial cavitation phenomena under the Glacier d’{A}rgenti\`ere, {M}ont {B}lanc, {F}rance}},
  journal={Journal of Glaciology},
  year   ={1973},
  volume ={12},
  number ={66},
  pages  ={439-451},
  doi={10.3189/S0022143000031853},
  url={https://dx.doi.org/10.3189/S0022143000031853},
}

@article{Murray&al2000b,
  author ={Murray, T. and Stuart, G. and Fry, M. and Gamble, N. and Crabtree, M.},
  title  ={{Englacial water distribution in a temperate glacier from surface and borehole radar velocity analysis}},
  journal={Journal of Glaciology},
  year   ={2000},
  volume ={46},
  number ={154},
  pages  ={389-398},
  doi={10.3189/172756500781833188},
  url={https://dx.doi.org/10.3189/172756500781833188},
}

@article{Holmlund1988,
  author ={Holmlund, P.},
  title  ={{Internal geometry and evolution of moulins, {S}torglaci\"aren, {S}weden}},
  journal={Journal of Glaciology},
  year   ={1988},
  volume ={34},
  number ={117},
  pages  ={242-248},
  doi={10.3189/S0022143000032305},
  url={https://dx.doi.org/10.3189/S0022143000032305},
}

@article{Beecroft1983,
 author={Beecroft, I.},
 title={Sediment transport during an outburst from {G}lacier de {T}sidjiore {N}ouve, {S}witzerland, 16-19 June 1981},
 journal={Journal of Glaciology},
 year={1983},
 volume={29},
 number={101},
 pages={185–190},
 doi={10.3189/S0022143000005244},
 url={https://dx.doi.org/10.3189/S0022143000005244},
}

@article{Haeberli&al1989,
  author ={Haeberli, W. and Alean, J. and M\"uller, P. and Funk, M.},
  title  ={{Assessing risks from glacier hazards in high mountain regions: some experiences in the {S}wiss {A}lps}},
  journal={Annals of Glaciology},
  year   ={1989},
  volume ={13},
  pages  ={96-102},
  doi={10.3189/S0260305500007709},
  url={https://dx.doi.org/10.3189/S0260305500007709},
}

@article{Haefeli&Brentani1955,
  title={Observations in a cold ice cap},
  author={Haefeli, Robert and Brentani, Franco},
  journal={Journal of Glaciology},
  volume={2},
  number={18},
  pages={571--582},
  year={1955},
  publisher={Cambridge University Press},
  doi={10.3189/002214355793702127}
  }

@article{Paterson&Savage1970,
  title={Excess pressure observed in a water-filled cavity in {A}thabasca {G}lacier, {C}anada},
  author={Paterson, WSB and Savage, JC},
  journal={Journal of Glaciology},
  volume={9},
  number={55},
  pages={103--107},
  year={1970},
  publisher={Cambridge University Press},
  doi={10.3189/S0022143000026824}
}

@article{Fisher1963,
  title={Two tunnels in cold ice at 4,000 m. on the {B}reithorn},
  author={Fisher, Joel E},
  journal={Journal of Glaciology},
  volume={4},
  number={35},
  pages={513--520},
  year={1963},
  publisher={Cambridge University Press},
  doi={10.3189/S0022143000028057}
}

@article{Glen1954,
  title={The stability of ice-dammed lakes and other water-filled holes in glaciers},
  author={Glen, JW},
  journal={Journal of Glaciology},
  volume={2},
  number={15},
  pages={316--318},
  year={1954},
  publisher={Cambridge University Press},
  doi={10.3189/S0022143000025132}
}

@article{Kamb1987,
  title={Glacier surge mechanism based on linked cavity configuration of the basal water conduit system},
  author={Kamb, Barclay},
  journal={Journal of Geophysical Research: Solid Earth},
  volume={92},
  number={B9},
  pages={9083--9100},
  year={1987},
  publisher={Wiley Online Library},
  doi={10.1029/JB092iB09p09083}
}

@article{Raymond&Harrison1975,
  title={Some observations on the behavior of the liquid and gas phases in temperate glacier ice},
  author={Raymond, CF and Harrison, WD},
  journal={Journal of Glaciology},
  volume={14},
  number={71},
  pages={213--233},
  year={1975},
  publisher={Cambridge University Press},
  doi={10.3189/S0022143000021717}
}

@article{Driedger&Fountain1989,
  title={Glacier outburst floods at {M}ount {R}ainier, {W}ashington {s}tate, {USA}},
  author={Driedger, Carolyn L and Fountain, Andrew G},
  journal={Annals of Glaciology},
  volume={13},
  pages={51--55},
  year={1989},
  publisher={Cambridge University Press},
  doi={10.3189/S0260305500007631}
}

@article{Walder&Driedger1995,
  author ={Walder, J. and Driedger, C.},
  title  ={{Frequent outburst floods from South Tahoma Glacier, Mount Rainier, U.S.A.: Relation to debris flows, meteorological origin and implications for subglacial hydrology}},
  journal={Journal of Glaciology},
  year   ={1995},
  volume ={41},
  number ={137},
  pages  ={1-10},
  doi={10.3189/S0022143000017718},
  url={https://dx.doi.org/10.3189/S0022143000017718},
}

@article{VanderVeen2007,
  title={Fracture propagation as means of rapidly transferring surface meltwater to the base of glaciers},
  author={Van der Veen, Cornelis J},
  journal={Geophysical Research Letters},
  volume={34},
  number={1},
  year={2007},
  publisher={Wiley Online Library},
  doi={10.1029/2006GL028385}
}

@article{Irvine&al2011,
  title={Polythermal glacier hydrology: {A} review},
  author={Irvine-Fynn, Tristram DL and Hodson, Andrew J and Moorman, Brian J and Vatne, Geir and Hubbard, Alun L},
  journal={Reviews of Geophysics},
  volume={49},
  number={4},
  year={2011},
  publisher={Wiley Online Library},
  doi={10.1029/2010RG000350}
}

@article{Haeberli&al1989b,
  title={Assessing risks from glacier hazards in high mountain regions: some experiences in the {S}wiss {A}lps},
  author={Haeberli, Wilfried and Alean, J-C and M{\"u}ller, P and Funk, Martin},
  journal={Annals of Glaciology},
  volume={13},
  pages={96--102},
  year={1989},
  publisher={Cambridge University Press},
  doi={10.3189/S0260305500007709}
}

@INPROCEEDINGS{Ogier&al2022,
author={Ogier, Christophe and H{\"o}sli, Leo and R{\"a}ss, Ludovic and Huss, Matthias and Bauder, Andreas and Farinotti, Daniel},
booktitle={{Abstract volume 20\textsuperscript{th} Swiss Geosciences Meeting}},
title={Characterization of a glacier collapse feature developement at {R}honegletscher, {S}witzerland.},
year={2023},
pages={471},
url = {https://geoscience-meeting.ch/sgm2022/wp-content/uploads/abstract_books/SGM_2022_Abstract_Volume_s.pdf},
adress = {Lausanne} 
}

@INPROCEEDINGS{Hosli&al2022,
author={H{\"o}sli, Leo and Ogier, Christophe and Huss, Matthias and Farinotti, Daniel},
booktitle={{Abstract volume 20\textsuperscript{th} Swiss Geosciences Meeting}},
title={Recent increase in collapse features on glacier snouts throughout the {S}wiss {A}lps},
year={2023},
pages={481},
url = {https://geoscience-meeting.ch/sgm2022/wp-content/uploads/abstract_books/SGM_2022_Abstract_Volume_s.pdf},
}

@mastersthesis{Hupfer2023,
 author = {M. Hupfer},
 title = {{Water Pockets in {A}lpine glaciers: a systematic analysis}},
 school = {ETH Zurich},
 year = {2023},
 type = {Diploma Thesis},
 address = {Institute of Environmental Engineering},
}

@mastersthesis{Zimmermann2022,
 author = {F. Zimmermann},
 title = {{Analyse des {Z}usammenhangs zwischen meteorologischen {B}edingungen und {WPOF}-{E}vents}},
 school = {University of Bern},
 year = {2022},
 type = {Diploma Thesis},
 address = {Institute of Geography},
}

@article{Flowers2015,
  author ={Flowers, G. E.},
  title  ={{Modelling water flow under glaciers and ice sheets}},
  journal={Proceedings of the Royal Society of London A: Mathematical, Physical and Engineering Sciences},
  year   ={2015},
  volume ={471},
  pages  ={20140907},
  doi={10.1098/rspa.2014.0907},
}

@article{clague&al1973,
  author ={Clague, J. and Mathews, W. },
  title  ={{The magnitude of j\"okulhlaups}},
  journal={Journal of Glaciology},
  year   ={1973},
  volume ={12},
  number ={66},
  pages  ={501-504},
  doi={10.3189/S0022143000031907},
  url={https://dx.doi.org/10.3189/S0022143000031907},
}

@article{Seaberg&al1988,
  title={Character of the englacial and subglacial drainage system in the lower part of the ablation area of {S}torglaci{\"a}ren, {S}weden, as revealed by dye-trace studies},
  author={Seaberg, Sheliah Z and Seaberg, John Z and Hooke, Roger Leb and Wiberg, Daniel W},
  journal={Journal of Glaciology},
  volume={34},
  number={117},
  pages={217--227},
  year={1988},
  publisher={Cambridge University Press},
  doi={10.3189/S0022143000032263 }
}

@article{Hooke&al1990,
  title={Subglacial water pressures and the shape of subglacial conduits},
  author={Hooke, Roger LeB and Laumann, Tron and Kohler, Jack},
  journal={Journal of Glaciology},
  volume={36},
  number={122},
  pages={67--71},
  year={1990},
  publisher={Cambridge University Press},
  doi={10.3189/S0022143000005566}
}

@article{Werder&al2010,
  author ={Werder, M. A. and A. Bauder and Funk, M. and Keusen, H. R.},
  title  ={{Hazard assessment investigations in connection with the formation of a lake on the tongue of {U}nterer {G}rindelwaldgletscher, {B}ernese {A}lps, {S}witzerland}},
  journal={Natural Hazards and Earth System Sciences},
  year   ={2010},
  volume ={10},
  number ={2},
  pages  ={227-237},
  doi={10.5194/nhess-10-227-2010},
  url={https://dx.doi.org/10.5194/nhess-10-227-2010}
}

%% Mentioning a water pocket for Vadret da l'Alp Ota
@misc{AfWG2009,
 author ={{AfWG}},
 title  ={{Gletscher und {K}limawandel in {G}raub\"unden}},
 howpublished = {{Amt für Wald Graub\"unden, Faktenblatt 14, erste Ausgabe}},
 year  = {2009},
 url={https://www.gr.ch/DE/institutionen/verwaltung/diem/awn/dokumentenliste_afw/faktenblatt_14_gletscher_klima.pdf},
}

@article{Vincent&al2015,
  author ={Vincent, C. and Thibert, E. and Gagliardini, O. and Legchenko, A. and Gilbert, A. and Garambois, S. and Condom, T. and Baltassat, J. M. and Girard, J. F.},
  title  ={{Mechanisms of subglacial cavity filling in {G}lacier de {T}ête Rousse, {F}rench {A}lps}},
  journal={Journal of Glaciology},
  year   ={2015},
  volume ={61},
  number ={225},
  pages  ={609-623},
  doi={10.3189/2015JoG14J238},
  url={https://dx.doi.org/10.3189/2015JoG14J238},
}

@article{Linsbauer&al2021,
  title={The {N}ew {S}wiss {G}lacier {I}nventory {SGI}2016: from a topographical to a glaciological dataset},
  author={Linsbauer, Andreas and Huss, Matthias and Hodel, Elias and Bauder, Andreas and Fischer, Mauro and Weidmann, Yvo and B{\"a}rtschi, Hans and Schmassmann, Emanuel},
  journal={Frontiers in Earth Science},
  pages={774},
  year={2021},
  publisher={Frontiers},
  doi={10.3389/feart.2021.704189}
}

@book{Maisch&al2000,
  title={Die {G}letscher der Schweizer {A}lpen: {G}letscherhochstand 1850, aktuelle {V}ergletscherung, {G}letscherschwund-{S}zenarien},
  author={Maisch, Max},
  year={2000},
  publisher={Vdf, Hochschulverlag AG an der ETH},
  url={https://glamos.ch/downloads#inventories},
  doi={10.18750/inventory.sgi1850.r1992}

}

@article{Muller&al1976,
  title={Firn und {E}is der {S}chweizer {A}lpen: {G}letscherinventar},
  author={M{\"u}ller, Fritz Battle and Caflisch, Toni and M{\"u}ller, Gerhard},
  journal={},
  year={1976},
  url={https://glamos.ch/downloads#inventories},
  doi={10.18750/inventory.sgi1973.r1976}
}

@article{Bondesan&Roberto2023,
  title={The climate-driven disaster of the {M}armolada {G}lacier ({I}taly)},
  author={Bondesan, Aldino and Francese, Roberto G},
  journal={Geomorphology},
  volume={431},
  pages={108687},
  year={2023},
  publisher={Elsevier},
 doi={10.1016/j.geomorph.2023.108687}
}


@masterthesis{Lanz2022,
    author = {Sarah Lanz},
    title = {{Zusammenstellung und raumzeitliche {A}nalyse von glazialen {W}assertaschenausbrüchen in den {S}chweizer {A}lpen [Unpublished Bachelor thesis]}},
    note =  {Institute of Geography, University of Bern},
    year = {2022}
}



@article{Gagliardini&al2011,
  title={{Estimating the risk of glacier cavity collapse during artificial drainage: The case of T{\^e}te Rousse Glacier}},
  author={Gagliardini, O and Gillet-Chaulet, F and Durand, Geoffroy and Vincent, C and Duval, P},
  journal={Geophysical research letters},
  volume={38},
  number={10},
  year={2011},
  publisher={Wiley Online Library},
 doi={10.1029/2011GL047536}
}

@incollection{Irvine&Hubbard2017,
  title={Glacier hydrology and runoff},
  author={Irvine-Fynn, Tristram and Hubbard, Bryn},
  booktitle={International Encyclopedia of Geography: People, the Earth, Environment, and Technology},
  year={2017},
  publisher={Wiley},
  doi={10.1002/9781118786352.wbieg0709}
}
@article{Alley&al2003,
  title={Stabilizing feedbacks in glacier-bed erosion},
  author={Alley, RB and Lawson, DE and Larson, GJ and Evenson, EB and Baker, GS},
  journal={Nature},
  volume={424},
  number={6950},
  pages={758--760},
  year={2003},
  publisher={Nature Publishing Group UK London},
  doi={10.1038/nature01839}
}

@article{Rabot1905,
  title={Glacial reservoirs and their outbursts},
  author={Rabot, Charles},
  journal={The Geographical Journal},
  volume={25},
  number={5},
  pages={534--548},
  year={1905},
  publisher={JSTOR},
  doi={10.2307/1776694 }
}

@inproceedings{Froidevaux1892,
  title={{La catastrophe de Saint-Gervais}},
  author={Froidevaux, Henri},
  booktitle={Annales de g{\'e}ographie},
  volume={2},
  number={5},
  pages={121},
  year={1892},
  organization={Pers{\'e}e-Portail des revues scientifiques en SHS}
}

@misc{Vallot1894,
 author={Vallot, J.},
 title={{Compte-rendu analytique de la catastrophe de Saint Gervais}},
 howpublished={Conseil G\'en\'eral de la Haute Savoie, Annecy, France},
 year={1894},
}

@Online{Arnold2022,
 author = {Arnold, Franco},
 year = {2022},
 title = {Ein Gletscherabbruch wie in den Dolomiten würde mich in der Schweiz nicht überraschen, sagt ein Glaziologe},
 journal = {Neue Bürcher Beitung},
 url = {https://www.nzz.ch/panorama/ein-gletscherabbruch-wie-in-den-dolomiten-wuerde-mich-in-der-schweiz-nicht-ueberraschen-sagt-der-glaziologe-ld.1691956?reduced=true},
 urldate = {2023-07-10}
}

@article{Emmer&al2022,
  title={Progress and challenges in glacial lake outburst flood research (2017--2021): a research community perspective},
  author={Emmer, Adam and Allen, Simon K and Carey, Mark and Frey, Holger and Huggel, Christian and Korup, Oliver and Mergili, Martin and Sattar, Ashim and Veh, Georg and Chen, Thomas Y and others},
  journal={Natural Hazards and Earth System Sciences},
  volume={22},
  number={9},
  pages={3041--3061},
  year={2022},
  publisher={Copernicus GmbH},
  doi={10.5194/nhess-22-3041-2022}
}


@INPROCEEDINGS{Chiarle&al2023,
author={Chiarle, M and Viani, C and Mortara, G and Deline, P and Tamburini, A and Nigrelli, G},
booktitle={26th Alpine Glaciological Meeting},
title={{The 2022 Marmolada Glacier failure in the framework of historical glacier instability in the Italian Alps}},
year={2023},
address = {Birmensdorf, Switzerland},
url = {https://publications.cnr.it/doc/478004},
}

@article{Mackie&al2021,
  title={{Stochastic modeling of subglacial topography exposes uncertainty in water routing at Jakobshavn Glacier}},
  author={MacKie, Emma J and Schroeder, Dustin M and Zuo, Chen and Yin, Zhen and Caers, Jef},
  journal={Journal of Glaciology},
  volume={67},
  number={261},
  pages={75--83},
  year={2021},
  publisher={Cambridge University Press},
  doi={10.1017/jog.2020.84 }
}

@article{Clarke1987,
  title={A short history of scientific investigations on glaciers},
  author={Clarke, Garry KC},
  journal={Journal of Glaciology},
  volume={33},
  number={S1},
  pages={4--24},
  year={1987},
  publisher={Cambridge University Press},
  doi={10.3189/S0022143000215785}
}

@phdthesis{Huss2009,
  author =       {M. Huss},
  title =        {Past and {F}uture {C}hanges in {G}lacier {M}ass {B}alance},
  school =       {ETH Z{\"u}rich},
  year =         {2009},
  note =         {Dissertation No. 18230},
}

@techreport{Mercanton1921,
  author =       {P. L. Mercanton},
  title =        {{Les variations périodiques des glaciers des Alpes Suisses 1920}},
  institution=   {{Extrait de l'annuaire SAC No. 41, 1920}},
  address =      {Berne},
  year =         {1921},
}

%% Tim glacier lakes in Switzerland
@article{Steffen&al2022,
  author ={Steffen, T. and Huss, M. and Estermann, R. and Hodel, E. and Farinotti, D.},
  title  ={{Volume, formation and sedimentation of future glacier lakes in Switzerland}},
  journal={Earth Surface Dynamics Discussion},
  year   ={2022},
  volume ={2022},
  number ={},
  pages  ={1-32},
  doi={10.5194/esurf-10-723-2022},
  url={https://dx.doi.org/},
}

%Hahlen 2011 is written outside any institutions 
@techreport{Hahlen2011,
 author ={H{\"a}hlen, N.},
 year  = {2011},
 address = {Berne},
 title  ={{Wasserwellen und Geschiebetrieb
 25. August bis 13. September 2011, Ereignisbericht und erste Grobanalyse [Unpublished]}},
}

@techreport{Forel&al1901,
  author =       {Forel, F. A. and Lugeon, M and Muret, E.},
  title =       {{Les variations périodiques des glaciers des Alpes Suisses 1900}},
  institution=   {{Extrait de l'annuaire SAC No. 21, 1901}},
  address =      {Berne},
  year =         {1901},
}

@techreport{Mercanton1944,
  author =       {P. L. Mercanton},
  title =        {{Les variations périodiques des glaciers des Alpes Suisses}},
  institution=   {{Extrait de l'annuaire SAC No. 64, 1943}},
  address =      {Berne},
  year =         {1944},
}

@article{Bohorquez&Darby2008,
title = {{The use of one- and two-dimensional hydraulic modelling to reconstruct a glacial outburst flood in a steep Alpine valley}},
author = {P. Bohorquez and S.E. Darby},
journal = {Journal of Hydrology},
volume = {361},
number = {3},
pages = {240-261},
year = {2008},
issn = {0022-1694},
doi = {10.1016/j.jhydrol.2008.07.043},
}

@techreport{Forel&al1899,
  author =       {Forel, F. A. and Lugeon, M and Muret, E.},
  title =        {{Les variations périodiques des glaciers des Alpes Suisses 1898}},
  institution=   {{Extrait de l'annuaire SAC No. 19, 1898}},
  address =      {Berne},
  year =         {1899},
}

@techreport{Mercanton1948,
  author =       {P. L. Mercanton},
  title =        {{Les variations périodiques des glaciers des Alpes Suisses}},
  institution=   {{Extrait de l'annuaire SAC No. 68, 1947}},
  address =      {Berne},
  year =         {1947},
}

@article{Bjornsson1975,
  title={Subglacial water reservoirs, Joekulhlaupr and volcanic eruptions},
  author={Bj{\"o}rnsson, Helgi},
  journal={Joekull (Reykjavik);(Iceland)},
  volume={25},
  year={1975},
  doi={}
}

@misc{Glamos2022,
    year = {2022},
    key = {GLAMOS},
    Title = {{S}wiss {G}lacier {M}ass {B}alance, release 2022, {G}lacier {M}onitoring {S}witzerland. },
   doi={10.18750/massbalance.2022.r2022}
}


Glaciological Reports: The Swiss Glaciers, Yearbooks of the Cryospheric Commission of the Swiss Academy of Sciences (SCNAT) published since 1964 by the Labratory of Hydraulics, No. 1–136, Hydrology and Glaciology (VAW) of ETH Zürich, available at: http://www.glamos.ch. 1881–2017. 

@misc{MeteoSwiss2022,
    year = {2022},
    key = {Meteoswiss},
    note = {Documentation of the {F}ederal {O}ffice of {M}etereology and {C}limatology Grid-Data Products: available at: https://www.meteoswiss.admin.ch/climate/the-climate-of-switzerland/spatial-climate-analyses.html (last access: April 2024) },
    url={https://www.meteoswiss.admin.ch/climate/the-climate-of-switzerland/spatial-climate-analyses.html}
}

@article{Weertman1973,
  title={Can a water-filled crevasse reach the bottom surface of a glacier},
  author={Weertman, J},
  journal={IAHS Publ.},
  pages={139–145},
  volume={95},
  year={1973}
}

@article{VanderVeen1998,
  title={Fracture mechanics approach to penetration of surface crevasses on glaciers},
  author={Van der Veen, CJ},
  journal={Cold Regions Science and Technology},
  volume={27},
  number={1},
  pages={31--47},
  year={1998},
  publisher={Elsevier},
  doi={10.1016/S0165-232X(97)00022-0}
}

@article{Clague&mathews1973,
  author ={Clague, J. and Mathews, W. },
  title  ={{The magnitude of j\"okulhlaups}},
  journal={Journal of Glaciology},
  year   ={1973},
  volume ={12},
  number ={66},
  pages  ={501-504},
  doi={10.3189/S0022143000031907},
  url={https://dx.doi.org/10.3189/S0022143000031907},
}

@inproceedings{Evans1986,
  title={{Landslide damming in the Cordillera of Western Canada}},
  author={Evans, Stephen G},
  booktitle={Landslide dams: Processes, risk, and mitigation},
  pages={111--130},
  year={1986},
  organization={ASCE}
}

@book{Costa1985,
  title={Floods from dam failures},
  author={Costa, John E},
  volume={85},
  number={560},
  year={1985},
  publisher={US Geological Survey},
  doi={10.3133/ofr85560}
}

@inproceedings{Popov1991,
  title={{Assessment of glacial debris flow hazard in the north Tien-Shan}},
  author={Popov, N},
  booktitle={Proceedings of the Soviet-China-Japan Symposium and field workshop on natural disasters},
  pages={2--17},
  year={1991}
}

@article{Walder&OConnor1997,
  title={Methods for predicting peak discharge of floods caused by failure of natural and constructed earthen dams},
  author={Walder, Joseph S and O'Connor, Jim E},
  journal={Water Resources Research},
  volume={33},
  number={10},
  pages={2337--2348},
  year={1997},
  publisher={Wiley Online Library},
  doi={0.1029/97WR01616}
}

@article{Huggel&al2002,
  title={{Remote sensing based assessment of hazards from glacier lake outbursts: a case study in the Swiss Alps}},
  author={Huggel, Christian and K{\"a}{\"a}b, Andreas and Haeberli, Wilfried and Teysseire, Philippe and Paul, Frank},
  journal={Canadian Geotechnical Journal},
  volume={39},
  number={2},
  pages={316--330},
  year={2002},
  publisher={NRC Research Press Ottawa, Canada},
  doi={10.1139/t01-099}
}

@article{Sevestre&Benn2015,
  title={Climatic and geometric controls on the global distribution of surge-type glaciers: implications for a unifying model of surging},
  author={Sevestre, He{\"\i}di and Benn, Douglas I},
  journal={Journal of Glaciology},
  volume={61},
  number={228},
  pages={646--662},
  year={2015},
  publisher={Cambridge University Press},
  doi={10.3189/2015JoG14J136 }
}

@article{Byers&al2022,
  title={{Three Recent and Lesser-Known Glacier-Related Flood Mechanisms in High Mountain Environments}},
  author={Byers, Alton C and Shugar, Dan H and Chand, Mohan Bahadur and Portocarrero, Cesar and Shrestha, Milan and Rounce, David R and Watanabe, Teiji},
  journal={Mountain Research and Development},
  volume={42},
  number={2},
  pages={A12--A22},
  year={2022},
  publisher={BioOne},
  doi={10.1659/MRD-JOURNAL-D-21-00045.1}
}

@mastersthesis{Beer2023, 
    author={Janosch Beer},
    title={{Determining englacial temperature evolution in Alpine Glaciers: A novel enthalpy-based modelling approach}},
    school = {VAW, ETH Zurich. Master Thesis},
    year={2023},
    type = {Diploma Thesis},
}

@article{Gulley&al2009,
  title={A cut-and-closure origin for englacial conduits in uncrevassed regions of polythermal glaciers},
  author={Gulley, JD and Benn, DI and M{\"u}ller, D and Luckman, A},
  journal={Journal of Glaciology},
  volume={55},
  number={189},
  pages={66--80},
  year={2009},
  publisher={Cambridge University Press},
  doi={10.3189/002214309788608930 }
}

@article{Zekollari&al2019,
  title={{Modelling the future evolution of glaciers in the European Alps under the EURO-CORDEX RCM ensemble}},
  author={Zekollari, Harry and Huss, Matthias and Farinotti, Daniel},
  journal={The Cryosphere},
  volume={13},
  number={4},
  pages={1125--1146},
  year={2019},
  publisher={Copernicus GmbH},
  doi={10.5194/tc-13-1125-2019}
}

@article{Livingstone&al2022,
  title={Subglacial lakes and their changing role in a warming climate},
  author={Livingstone, Stephen J and Li, Yan and Rutishauser, Anja and Sanderson, Rebecca J and Winter, Kate and Mikucki, Jill A and Bj{\"o}rnsson, Helgi and Bowling, Jade S and Chu, Winnie and Dow, Christine F and others},
  journal={Nature Reviews Earth \& Environment},
  volume={3},
  number={2},
  pages={106--124},
  year={2022},
  publisher={Nature Publishing Group UK London},
  doi={10.1038/s43017-021-00246-9}
}

@article{Christoffersen&al2018,
  title={{Cascading lake drainage on the Greenland Ice Sheet triggered by tensile shock and fracture}},
  author={Christoffersen, Poul and Bougamont, Marion and Hubbard, Alun and Doyle, Samuel H and Grigsby, Shane and Pettersson, Rickard},
  journal={Nature Communications},
  volume={9},
  number={1},
  pages={1064},
  year={2018},
  publisher={Nature Publishing Group UK London},
  doi={10.1038/s41467-018-03420-8}
}

@article{Neupane&al2019,
  title={Review of moraine dam failure mechanism},
  author={Neupane, Robin and Chen, Huayong and Cao, Chunran},
  journal={Geomatics, Natural Hazards and Risk},
  volume={10},
  number={1},
  pages={1948--1966},
  year={2019},
  publisher={Taylor \& Francis},
  doi={10.1080/19475705.2019.1652210}
}

@article{Zemp_WGMS2020,
  title={{WGMS 2020. Global glacier change bulletin No. 3 (2016--2017)}},
  author={Zemp, M and G{\"a}rtner-Roer, I and Nussbaumer, SU and Bannwart, J and Rastner, P and Paul, F and Hoelzle, M},
  journal={World Glacier Monitoring Service Dataset, Zurich, Switzerland},
  year={2020},
  doi={10.5904/WGMS-FOG-2019-12}
}

@article{cremona&al2023,
  title={{European heat waves 2022: contribution to extreme glacier melt in Switzerland inferred from automated ablation readings}},
  author={Cremona, Aaron and Huss, Matthias and Landmann, Johannes Marian and Borner, Jo{\"e}l and Farinotti, Daniel},
  journal={The Cryosphere},
  volume={17},
  number={5},
  pages={1895--1912},
  year={2023},
  publisher={Copernicus},
  doi={10.5194/tc-17-1895-2023}
}

@article{Sugiyama&Gudmundsson2004,
  title={{Short-term variations in glacier flow controlled by subglacial water pressure at Lauteraargletscher, Bernese Alps, Switzerland}},
  author={Sugiyama, Shin and Gudmundsson, G Hilmar},
  journal={Journal of Glaciology},
  volume={50},
  number={170},
  pages={353--362},
  year={2004},
  publisher={Cambridge University Press},
 doi={10.3189/172756504781829846 }
}

@phdthesis{Paul2004,
  title={{The new Swiss glacier inventory 2000: application of remote sensing and GIS}},
  author={Paul, Frank},
  year={2004},
  school={University of Zurich},
  doi={10.5167/uzh-163148}
}

@article{Muller&al2024,
  title={{Current and future roles of meltwater--groundwater dynamics in a proglacial Alpine outwash plain}},
  author={M{\"u}ller, Tom and Roncoroni, Matteo and Mancini, Davide and Lane, Stuart N and Schaefli, Bettina},
  journal={Hydrology and Earth System Sciences},
  volume={28},
  number={4},
  pages={735--759},
  year={2024},
  publisher={Copernicus Publications G{\"o}ttingen, Germany},
  doi={10.5194/hess-28-735-2024}
}

@INPROCEEDINGS{Rass&al2023,
  title={{Mechanical failure to drive the glacier collapse feature at Rhonegletscher, Switzerland}},
  author={R{\"a}ss, Ludovic and Ogier, Christophe and Utkin, Ivan and Werder, Mauro and Bauder, Andreas and Farinotti, Daniel},
  year={2023},
  institution={Copernicus Meetings},
  adress = { EGU General Assembly 2023, Vienna, Austria}, 
  doi={10.5194/egusphere-egu23-9021}
}
 %Räss, L., Ogier, C., Utkin, I., Werder, M., Bauder, A., and Farinotti, D.: Mechanical failure to drive the glacier collapse feature at Rhonegletscher, Switzerland, EGU General Assembly 2023, Vienna, Austria, 24–28 Apr 2023, EGU23-9021, https://doi.org/10.5194/egusphere-egu23-9021, 2023. 

@article{Dutto&al1991,
  title={{L'{\'e}croulement du glacier sup{\'e}rieur de Coolidge.(Paroi nord du Mont Viso, Alpes occidentales)}},
  author={Dutto, Furio and Godone, Franco and Mortara, Giovanni},
  journal={Revue de g{\'e}ographie alpine},
  volume={79},
  number={2},
  pages={7--18},
  year={1991},
  publisher={Pers{\'e}e-Portail des revues scientifiques en SHS},
url={https://www.persee.fr/doc/rga_0035-1121_1991_num_79_2_3597}
}

@article{Guillemot&al2024,
  title={{Investigating Subglacial Water-Filled Cavities by Spectral Analysis of Ambient Seismic Noise: Results on the Polythermal T{\^e}te-Rousse Glacier (Mont Blanc, France)}},
  author={Guillemot, Antoine and Bontemps, N and Larose, E and Teodor, D and Faller, S and Baillet, L and Garambois, S and Thibert, E and Gagliardini, O and Vincent, Christian},
  journal={Geophysical Research Letters},
  volume={51},
  number={4},
  pages={e2023GL105038},
  year={2024},
  publisher={Wiley Online Library},
  doi={10.1029/2023GL105038}
}

@article{Jansson&al2003,
  title={The concept of glacier storage: a review},
  author={Jansson, Peter and Hock, Regine and Schneider, Thomas},
  journal={Journal of Hydrology},
  volume={282},
  number={1-4},
  pages={116--129},
  year={2003},
  publisher={Elsevier},
  doi={10.1016/S0022-1694(03)00258-0}
}

@article{Horgan&al2012,
  title={{Subglacial Lake Whillans—Seismic observations of a shallow active reservoir beneath a West Antarctic ice stream}},
  author={Horgan, Huw J and Anandakrishnan, Sridhar and Jacobel, Robert W and Christianson, Knut and Alley, Richard B and Heeszel, David S and Picotti, Stefano and Walter, Jacob I},
  journal={Earth and Planetary Science Letters},
  volume={331},
  pages={201--209},
  year={2012},
  publisher={Elsevier},
  doi={10.1016/j.epsl.2012.02.023}
}

@article{Bhardwaj&al2016,
  title={{UAV}s as remote sensing platform in glaciology: Present applications and future prospects},
  author={Bhardwaj, Anshuman and Sam, Lydia and Mart{\'\i}n-Torres, F Javier and Kumar, Rajesh and others},
  journal={Remote sensing of environment},
  volume={175},
  pages={196--204},
  year={2016},
  publisher={Elsevier},
  doi={10.1016/j.rse.2015.12.029}
}

@article{livingstone&al2019,
  title={Brief communication: Subglacial lake drainage beneath {I}sunguata {S}ermia, {W}est {G}reenland: geomorphic and ice dynamic effects},
  author={Livingstone, Stephen J and Sole, Andrew J and Storrar, Robert D and Harrison, Devin and Ross, Neil and Bowling, Jade},
  journal={The Cryosphere},
  volume={13},
  number={10},
  pages={2789--2796},
  year={2019},
  publisher={Copernicus GmbH},
  doi={10.5194/tc-13-2789-2019}
}

@article{Capps&al2010,
  title={Identification and characterization of alpine subglacial lakes using interferometric synthetic aperture radar ({I}n{SAR}): {B}rady {G}lacier, {A}laska, {USA}},
  author={Capps, Denny M and Rabus, Bernhard and Clague, John J and Shugar, Daniel H},
  journal={Journal of Glaciology},
  volume={56},
  number={199},
  pages={861--870},
  year={2010},
  publisher={Cambridge University Press},
  doi={10.3189/002214310794457254 }
}

@masterthesis{Altrock2022,
    author = {Felix Altrock},
    title = {{Geomorphologische {A}nalyse einzelner {G}letscher in den {S}chweizer {A}lpen mit dokumentierten Wassertaschenausbruch {E}reignissen, [Unpublished Bachelor’s thesis]}},
    note =  {Institute of Geography, University of Bern},
    year = {2022}
}

@article{Luthi&Funk2001,
  title={Modelling heat flow in a cold, high-altitude glacier: interpretation of measurements from Colle Gnifetti, Swiss Alps},
  author={L{\"u}thi, Martin P and Funk, Martin},
  journal={Journal of Glaciology},
  volume={47},
  number={157},
  pages={314--324},
  year={2001},
  publisher={Cambridge University Press},
doi={10.3189/172756501781832223 }
}

@article{Vincent&al2020,
  title={Strong changes in englacial temperatures despite insignificant changes in ice thickness at D{\^o}me du Go{\^u}ter glacier (Mont Blanc area)},
  author={Vincent, Christian and Gilbert, Adrien and Jourdain, Bruno and Piard, Luc and Ginot, Patrick and Mikhalenko, Vladimir and Possenti, Philippe and Le Meur, Emmanuel and Laarman, Olivier and Six, Delphine},
  journal={The Cryosphere},
  volume={14},
  number={3},
  pages={925--934},
  year={2020},
  publisher={Copernicus Publications G{\"o}ttingen, Germany},
  doi={10.5194/tc-14-925-2020}
}

@article{Gilbert&al2014,
  title={Modeling near-surface firn temperature in a cold accumulation zone (Col du D{\^o}me, French Alps): from a physical to a semi-parameterized approach},
  author={Gilbert, A and Vincent, C and Six, D and Wagnon, Patrick and Piard, L and Ginot, Patrick},
  journal={The Cryosphere},
  volume={8},
  number={2},
  pages={689--703},
  year={2014},
  publisher={Copernicus GmbH},
  doi={10.5194/tc-8-689-2014}
}

@article{Gilbert&Vincent2013,
  title={Atmospheric temperature changes over the 20th century at very high elevations in the European Alps from englacial temperatures},
  author={Gilbert, A and Vincent, C},
  journal={Geophysical Research Letters},
  volume={40},
  number={10},
  pages={2102--2108},
  year={2013},
  publisher={Wiley Online Library},
  doi={10.1002/grl.50401}
}

@article{Scambos&al2009,
  title={Ice shelf disintegration by plate bending and hydro-fracture: Satellite observations and model results of the 2008 Wilkins ice shelf break-ups},
  author={Scambos, Ted and Fricker, Helen Amanda and Liu, Cheng-Chien and Bohlander, Jennifer and Fastook, James and Sargent, Aitbala and Massom, Robert and Wu, An-Ming},
  journal={Earth and Planetary Science Letters},
  volume={280},
  number={1-4},
  pages={51--60},
  year={2009},
  publisher={Elsevier},
  doi={10.1016/j.epsl.2008.12.027}
}

@article{gilbert&al2015,
  title={Assessment of thermal change in cold avalanching glaciers in relation to climate warming},
  author={Gilbert, A and Vincent, Christian and Gagliardini, O and Krug, J and Berthier, E},
  journal={Geophysical Research Letters},
  volume={42},
  number={15},
  pages={6382--6390},
  year={2015},
  publisher={Wiley Online Library},
  doi={10.1002/2015GL064838}
}

GLAMOS (1881-2022). The Swiss Glaciers 1880-2020-21, Glaciological Reports No 1-142, Yearbooks of the Cryospheric Commission of the Swiss Academy of Sciences (SCNAT), published since 1964 by VAW / ETH Zurich, doi:10.18752/glrep_series.10.18752/glrep_series

@techreport{GLAMOS_reports2022,
  author =       {GLAMOS},
  title =       {{The Swiss Glaciers 1880-2020-21, Glaciological Reports No 1-142}},
  institution=   {{Yearbooks of the Cryospheric Commission of the Swiss Academy of Sciences (SCNAT)}},
  address =      {VAW/ETH Zurich},
  year =         {2022},
  doi={10.18752/glrep_series.10.18752/glrep_series}
}

@article{Groos&al2022,
  title={Accuracy of UAV photogrammetry in glacial and periglacial alpine terrain: a comparison with airborne and terrestrial datasets},
  author={Groos, Alexander R and Aeschbacher, Reto and Fischer, Mauro and Kohler, Nadine and Mayer, Christoph and Senn-Rist, Armin},
  journal={Frontiers in Remote Sensing},
  volume={3},
  pages={871994},
  year={2022},
  publisher={Frontiers Media SA},
 doi={10.3389/frsen}
}

@article{Hock2005,
  title={Glacier melt: a review of processes and their modelling},
  author={Hock, Regine},
  journal={Progress in physical geography},
  volume={29},
  number={3},
  pages={362--391},
  year={2005},
  publisher={Sage Publications Sage CA: Thousand Oaks, CA},
doi={10.1191/0309133305pp453ra}
}

@article{Muller&al2024b,
  title={Separating snow and ice melt using water stable isotopes and glacio-hydrological modelling: towards improving the application of isotope analyses in highly glacierized catchments},
  author={M{\"u}ller, Tom and Fischer, Mauro and Lane, Stuart N and Schaefli, Bettina},
  journal={EGUsphere [preprint]},
  volume={2024},
  pages={1--52},
  year={2024},
  publisher={Copernicus Publications G{\"o}ttingen, Germany},
  doi={10.5194/egusphere-2024-631}
}

@article{Fischer&al2015,
  title={Surface elevation and mass changes of all Swiss glaciers 1980--2010},
  author={Fischer, Mauro and Huss, Matthias and Hoelzle, Martin},
  journal={The Cryosphere},
  volume={9},
  number={2},
  pages={525--540},
  year={2015},
  publisher={Copernicus GmbH},
 doi={10.5194/tc-9-525-2015}
}

@article{Ballantyne&McGann1980,
  title={Short--Lived Damming of a High--Arctic Ice--Marginal Stream, Ellesmere Island, NWT, Canada},
  author={Ballantyne, Colin Kerr and McGann, SB},
  journal={Journal of Glaciology},
  volume={25},
  number={93},
  pages={487--491},
  year={1980},
  publisher={Cambridge University Press},
  doi={10.3189/S002214300001532X }
}

@article{Legchenko&2014,
  title={Monitoring water accumulation in a glacier using magnetic resonance imaging},
  author={Legchenko, Anatoli and Vincent, C and Baltassat, Jean-Michel and Girard, JF and Thibert, Emmanuel and Gagliardini, O and Descloitres, Marc and Gilbert, A and Garambois, S and Chevalier, A and others},
  journal={The Cryosphere},
  volume={8},
  number={1},
  pages={155--166},
  year={2014},
  publisher={Copernicus GmbH},
  doi={10.5194/tc-8-155-2014}
}

@article{Benn&al2009,
  title={Englacial drainage systems formed by hydrologically driven crevasse propagation},
  author={Benn, Douglas and Gulley, Jason and Luckman, Adrian and Adamek, Artur and Glowacki, Piotr S},
  journal={Journal of Glaciology},
  volume={55},
  number={191},
  pages={513--523},
  year={2009},
  publisher={Cambridge University Press},
  doi={10.3189/002214309788816669 }
}

@article{Emmer2017,
  title={{Geomorphologically effective floods from moraine-dammed lakes in the Cordillera Blanca, Peru}},
  author={Emmer, Adam},
  journal={Quaternary Science Reviews},
  volume={177},
  pages={220--234},
  year={2017},
  publisher={Elsevier},
  doi={10.1016/j.quascirev.2017.10.028}
}


@article{Haeberli&al2017,
  title={Increasing risks related to landslides from degrading permafrost into new lakes in de-glaciating mountain ranges},
  author={Haeberli, Wilfried and Schaub, Yvonne and Huggel, Christian},
  journal={Geomorphology},
  volume={293},
  pages={405--417},
  year={2017},
  publisher={Elsevier},
  doi={10.1016/j.geomorph.2016.02.009}
}

@article{Zhang&al2024,
  title={Characteristics and changes of glacial lakes and outburst floods},
  author={Zhang, Guoqing and Carrivick, Jonathan L and Emmer, Adam and Shugar, Dan H and Veh, Georg and Wang, Xue and Labedz, Celeste and Mergili, Martin and M{\"o}lg, Nico and Huss, Matthias and others},
  journal={Nature Reviews Earth \& Environment},
  pages={1--16},
  year={2024},
  publisher={Nature Publishing Group},
  doi={10.1038/s43017-024-00554-w}
}

@article{Evans1965,
  title={Dielectric properties of ice and snow--a review},
  author={Evans, S},
  journal={Journal of Glaciology},
  volume={5},
  number={42},
  pages={773--792},
  year={1965},
  publisher={Cambridge University Press},
  doi={10.3189/S0022143000018840}
}

@article{Plewes&Hubbard2001,
  title={A review of the use of radio-echo sounding in glaciology},
  author={Plewes, Louise A and Hubbard, Bryn},
  journal={Progress in Physical Geography},
  volume={25},
  number={2},
  pages={203--236},
  year={2001},
  publisher={Sage Publications Sage CA: Thousand Oaks, CA},
  doi={10.1177/0309133301025002}
}


@article{Warren&al2016,
  title={gprMax: Open source software to simulate electromagnetic wave propagation for Ground Penetrating Radar},
  author={Warren, Craig and Giannopoulos, Antonios and Giannakis, Iraklis},
  journal={Computer Physics Communications},
  volume={209},
  pages={163--170},
  year={2016},
  publisher={Elsevier},
  doi={10.1016/j.cpc.2016.08.020}
}


@article{Tiuri&al1984,
  title={The complex dielectric constant of snow at microwave frequencies},
  author={Tiuri, M and Sihvola, A and Nyfors, EG and Hallikaiken, M},
  journal={IEEE Journal of oceanic Engineering},
  volume={9},
  number={5},
  pages={377--382},
  year={1984},
  publisher={IEEE},
  doi={10.1109/JOE.1984.1145645}
}

@article{Griessinger&al2018,
  title={Measuring snow ablation rates in alpine terrain with a mobile multioffset ground-penetrating radar system},
  author={Griessinger, Nena and Mohr, Franziska and Jonas, Tobias},
  journal={Hydrological Processes},
  volume={32},
  number={21},
  pages={3272--3282},
  year={2018},
  publisher={Wiley Online Library},
  doi={10.1002/hyp.13259}
}

@article{Granlund&al2010,
  title={Laboratory study of the influence of salinity on the relationship between electrical conductivity and wetness of snow},
  author={Granlund, Nils and Lundberg, Angela and Gustafsson, David},
  journal={Hydrological processes},
  volume={24},
  number={14},
  pages={1981--1984},
  year={2010},
  publisher={Wiley Online Library},
  doi={10.1002/hyp.7659}
}

@article{Barrett&al2008,
  title={Distribution and character of water in a surge-type glacier revealed by multifrequency and multipolarization ground-penetrating radar},
  author={Barrett, BE and Murray, T and Clark, R and Matsuoka, K},
  journal={Journal of Geophysical Research: Earth Surface},
  volume={113},
  number={F4},
  year={2008},
  publisher={Wiley Online Library},
  doi={10.1029/2007JF000972}
}

@article{Jezek&al1978,
  title={Dielectric permittivity of glacier ice measured in situ by radar wide-angle reflection},
  author={Jezek, Kenneth C and Clough, John W and Bentley, Charles R and Shabtaie, Sion},
  journal={Journal of Glaciology},
  volume={21},
  number={85},
  pages={315--329},
  year={1978},
  publisher={Cambridge University Press},
  doi={10.3189/S0022143000033505}
}

@inproceedings{Fujita&al2000,
  title={A summary of the complex dielectric permittivity of ice in the megahertz range and its applications for radar sounding of polar ice sheets},
  author={Fujita, Shuji and Matsuoka, Takeshi and Ishida, Toshihiro and Matsuoka, Kenichi and Mae, Shinji},
  booktitle={Physics of ice core records},
  pages={185--212},
  year={2000},
  organization={Hokkaido University Press}
}

@article{Smith&Evans1972,
  title={Radio echo sounding: absorption and scattering by water inclusion and ice lenses},
  author={Smith, BM Ewen and Evans, S},
  journal={Journal of Glaciology},
  volume={11},
  number={61},
  pages={133--146},
  year={1972},
  publisher={Cambridge University Press},
  doi={10.3189/S0022143000022541}
}

@article{Hubbard&2003,
  title={Spatial variability in the water content and rheology of temperate glaciers: Glacier de Tsanfleuron, Switzerland},
  author={Hubbard, Bryn P and Hubbard, Alun and Mader, Heidy M and Tison, Jean-Louis and Grust, Karin and Nienow, Peter W},
  journal={Annals of glaciology},
  volume={37},
  pages={1--6},
  year={2003},
  publisher={Cambridge University Press},
  doi={10.3189/172756403781815474}
}

@article{Hellmann2021,
  title={Acoustic velocity measurements for detecting the crystal orientation fabrics of a temperate ice core},
  author={Hellmann, Sebastian and Grab, Melchior and Kerch, Johanna and L{\"o}we, Henning and Bauder, Andreas and Weikusat, Ilka and Maurer, Hansruedi},
  journal={The Cryosphere},
  volume={15},
  number={7},
  pages={3507--3521},
  year={2021},
  publisher={Copernicus GmbH},
  doi={10.5194/tc-15-3507-2021}
}

@article{Fujita&al1993,
  title={Dielectric anisotropy in ice Ih at 9.7 GHz},
  author={Fujita, Shuji and Mae, Shinji and Matsuoka, Takeshi},
  journal={Annals of Glaciology},
  volume={17},
  pages={276--280},
  year={1993},
  publisher={Cambridge University Press},
  doi={10.3189/S0260305500012969}
}

@article{Bamber1988,
  title={Enhanced radar scattering from water inclusions in ice},
  author={Bamber, JL},
  journal={Journal of Glaciology},
  volume={34},
  number={118},
  pages={293--296},
  year={1988},
  publisher={Cambridge University Press},
  doi={10.3189/S0022143000007048}
}


@article{Murray&al2000,
  title={Englacial water distribution in a temperate glacier from surface and borehole radar velocity analysis},
  author={Murray, Tavi and Stuart, Graham W and Fry, Matt and Gamble, Nicola H and Crabtree, Mike D},
  journal={Journal of Glaciology},
  volume={46},
  number={154},
  pages={389--398},
  year={2000},
  publisher={Cambridge University Press},
  doi={10.3189/172756500781833188}
}


@article{Hodge1976,
  title={Direct measurement of basal water pressures: a pilot study},
  author={Hodge, Steven M},
  journal={Journal of Glaciology},
  volume={16},
  number={74},
  pages={205--218},
  year={1976},
  publisher={Cambridge University Press},
  doi={10.3189/S0022143000031543}
}


@article{Johari&Charette1975,
  title={The permittivity and attenuation in polycrystalline and single-crystal ice Ih at 35 and 60 MHz},
  author={Johari, Gyan P and Charette, PA},
  journal={Journal of Glaciology},
  volume={14},
  number={71},
  pages={293--303},
  year={1975},
  publisher={Cambridge University Press},
  doi={10.3189/S002214300002178X}
}

@article{Boned&al1979,
  title={Dielectric behaviour of ice microcrystals: a study versus temperature},
  author={Boned, Christian and Lagourette, Bernard and Clausse, Marc},
  journal={Journal of Glaciology},
  volume={22},
  number={86},
  pages={145--154},
  year={1979},
  publisher={Cambridge University Press},
  doi={10.3189/S002214300001412X}
}

@article{Robin&al1969,
  title={Interpretation of radio echo sounding in polar ice sheets},
  author={Robin, G de Q and Evans, S and Bailey, Jeremy T},
  journal={Philosophical Transactions of the Royal Society of London. Series A, Mathematical and Physical Sciences},
  volume={265},
  number={1166},
  pages={437--505},
  year={1969},
  publisher={The Royal Society London},
  doi={10.1098/rsta.1969.0063}
}

@book{Reynolds2011,
  title={An introduction to applied and environmental geophysics},
  author={Reynolds, John M},
  year={2011},
  publisher={John Wiley \& Sons},
  ISBN={978-0-471-48535-3}
}


@book{Goff&Holliger2012,
  title={Heterogeneity in the crust and upper mantle: nature, scaling, and seismic properties},
  author={Goff, John A and Holliger, Klaus},
  year={2012},
  publisher={Springer Science \& Business Media},
  doi={10.1007/978-1-4615-0103-9}
}

@article{Catania&al2008,
  title={Characterizing englacial drainage in the ablation zone of the Greenland ice sheet},
  author={Catania, Ginny A and Neumann, Thomas A and Price, Stephen F},
  journal={Journal of Glaciology},
  volume={54},
  number={187},
  pages={567--578},
  year={2008},
  publisher={Cambridge University Press},
  doi={10.3189/002214308786570854}
}

@article{Bohleber2012,
  title={Permittivity of ice at radio frequencies: Part II. Artificial and natural polycrystalline ice},
  author={Bohleber, Pascal and Wagner, Norman and Eisen, Olaf},
  journal={Cold Regions Science and Technology},
  volume={83},
  pages={13--19},
  year={2012},
  publisher={Elsevier},
  doi={10.1016/j.coldregions.2012.05.010}
}

@article{Glen&Paren1975,
  title={The electrical properties of snow and ice},
  author={Glen, JW and Paren, JG},
  journal={Journal of Glaciology},
  volume={15},
  number={73},
  pages={15--38},
  year={1975},
  publisher={Cambridge University Press},
  doi={10.3189/S0022143000034249}
}

@article{Kovacs&al1995,
  title={The in-situ dielectric constant of polar firn revisited},
  author={Kovacs, Austin and Gow, Anthony J and Morey, Rexford M},
  journal={Cold Regions Science and Technology},
  volume={23},
  number={3},
  pages={245--256},
  year={1995},
  publisher={Elsevier},
  doi={10.1016/0165-232X(94)00016-Q}
}

@article{Davis&Annan1989,
  title={Ground-penetrating radar for high-resolution mapping of soil and rock stratigraphy 1},
  author={Davis, J Lꎬ and Annan, A Peter},
  journal={Geophysical prospecting},
  volume={37},
  number={5},
  pages={531--551},
  year={1989},
  publisher={Wiley Online Library},
  doi={10.1111/j.1365-2478.1989.tb02221.x}
}

@article{Woodward&Burke2007,
  title={Applications of ground-penetrating radar to glacial and frozen materials},
  author={Woodward, John and Burke, Matthew J},
  journal={Journal of Environmental \& Engineering Geophysics},
  volume={12},
  number={1},
  pages={69--85},
  year={2007},
  publisher={Society of Exploration Geophysicists},
  doi={10.2113/JEEG12.1.69}
}



@article{Bjornsson&el1996,
  title={The thermal regime of sub-polar glaciers mapped by multi-frequency radio-echo sounding},
  author={Bj{\"o}rnsson, Helgi and Gjessing, Yngvar and Hamran, Svein-Erik and Hagen, Jon Ove and Liest{\o}L, Olav and P{\'a}lsson, Finnur and Erlingsson, Bj{\"o}rn},
  journal={Journal of Glaciology},
  volume={42},
  number={140},
  pages={23--32},
  year={1996},
  publisher={Cambridge University Press},
  doi={10.3189/S0022143000030495}
}

@article{Pettersson&al2004,
  title={Spatial variability in water content at the cold-temperate transition surface of the polythermal Storglaci{\"a}ren, Sweden},
  author={Pettersson, Rickard and Jansson, Peter and Blatter, Heinz},
  journal={Journal of Geophysical Research: Earth Surface},
  volume={109},
  number={F2},
  year={2004},
  publisher={Wiley Online Library},
  doi={10.1029/2003JF000110}
}

@article{Macheret&al1993,
  title={Velocity of radio waves in glaciers as an indicator of their hydrothermal state, structure and regime},
  author={Macheret, Yu Ya and Moskalevsky, M Yu and Vasilenko, EV},
  journal={Journal of Glaciology},
  volume={39},
  number={132},
  pages={373--384},
  year={1993},
  publisher={Cambridge University Press},
  doi={10.3189/S0022143000030495}
}

@article{Moore&al1999,
  title={High-resolution hydrothermal structure of Hansbreen, Spitsbergen, mapped by ground-penetrating radar},
  author={Moore, JC and P{\"a}lli, A and Ludwig, F and Blatter, H and Jania, J and Gadek, B and Glowacki, P and Mochnacki, D and Isaksson, E},
  journal={Journal of Glaciology},
  volume={45},
  number={151},
  pages={524--532},
  year={1999},
  publisher={Cambridge University Press},
  doi={10.3189/S0022143000001386}
}

@article{Hamran&al1996,
  title={Estimation of relative water content in a sub-polar glacier using surface-penetration radar},
  author={Hamran, Sveinerik and Aarholt, Eldar and Hagen, Jon Ove and Mo, Per},
  journal={Journal of Glaciology},
  volume={42},
  number={142},
  pages={533--537},
  year={1996},
  publisher={Cambridge University Press},
  doi={10.3189/S0022143000003518}
}

@article{Macheret&Glazovsky2000,
  title={Estimation of absolute water content in Spitsbergen glaciers from radar sounding data},
  author={Macheret, Yuri Ya and Glazovsky, Andrey F},
  journal={Polar Research},
  volume={19},
  number={2},
  pages={205--216},
  year={2000},
  publisher={Taylor \& Francis},
  doi={10.3402/polar.v19i2.6546}
}


@article{Vallon&al1976,
  title={Study of an ice core to the bedrock in the accumulation zone of an alpine glacier},
  author={Vallon, M and Petit, J-R and Fabre, B},
  journal={Journal of Glaciology},
  volume={17},
  number={75},
  pages={13--28},
  year={1976},
  publisher={Cambridge University Press},
  doi={10.3189/S0022143000030677}
}

@article{Graff&Walter2021,
  title={Changing friction at the base of an Alpine glacier},
  author={Gr{\"a}ff, Dominik and Walter, Fabian},
  journal={Scientific reports},
  volume={11},
  number={1},
  pages={1--10},
  year={2021},
  publisher={Nature Publishing Group},
  doi={10.1038/s41598-021-90176-9}
}

@article{Rada&Shoof2018,
  title={Channelized, distributed, and disconnected: subglacial drainage under a valley glacier in the Yukon},
  author={Rada, Camilo and Schoof, Christian},
  journal={The Cryosphere},
  volume={12},
  number={8},
  pages={2609--2636},
  year={2018},
  publisher={Copernicus GmbH},
  doi={10.5194/tc-12-2609-2018}
}


@article{Iken&al1996,
  title={Water storage and subglacial drainage conditions inferred from borehole measurements on Gornergletscher, Valais, Switzerland},
  author={Iken, Almut and Fabri, Kristian and Funk, Martin},
  journal={Journal of Glaciology},
  volume={42},
  number={141},
  pages={233--248},
  year={1996},
  publisher={Cambridge University Press},
  doi={10.3189/S0022143000004093}
}

@article{Ozdemir&al2014,
  title={A review on migration methods in B-scan ground penetrating radar imaging},
  author={Ozdemir, Caner and Demirci, Sevket and Yigit, Enes and Yilmaz, Betul},
  journal={Mathematical Problems in Engineering},
  volume={2014},
  year={2014},
  publisher={Hindawi},
  doi={10.1155/2014/280738}
}
%author={{\"O}zdemir, Caner and Demirci, {\c{S}}evket and Yi{\u{g}}it, Enes and Yilmaz, Bet{\"u}l},

@article{Scales&Snieder1998,
  title={What is noise?},
  author={Scales, John A and Snieder, Roel},
  journal={Geophysics},
  volume={63},
  number={4},
  pages={1122--1124},
  year={1998},
  publisher={Society of Exploration Geophysicists},
  doi={10.1190/1.1444411}
}

@inproceedings{Grab&al2018,
  title={Ice volume estimates of Swiss glaciers using helicopter-borne GPR—An example from the Glacier de la Plaine Morte},
  author={Grab, Melchior and Bauder, Andreas and Ammann, Florian and Langhammer, Lisbeth and Hellmann, Sebastian and Church, Gregory J and Schmid, Lino and Rabenstein, Lasse and Maurer, HR},
  booktitle={2018 17th International Conference on Ground Penetrating Radar (GPR)},
  pages={1--4},
  year={2018},
  organization={IEEE},
  doi={10.1109/ICGPR.2018.8441613}
}
@book{Margrave&Lamoureux2019,
  title={Numerical methods of exploration seismology: With algorithms in MATLAB{\textregistered}},
  author={Margrave, Gary F and Lamoureux, Michael P},
  year={2019},
  publisher={Cambridge University Press},
  doi={10.1017/9781316756041}
}

@article{Blatter&Hutter1991,
  title={Polythermal conditions in Arctic glaciers},
  author={Blatter, Heinz and Hutter, Kolumban},
  journal={Journal of Glaciology},
  volume={37},
  number={126},
  pages={261--269},
  year={1991},
  publisher={Cambridge University Press},
  doi={10.3189/S0022143000007279}
}

@article{Moore1&al999,
  title={High-resolution hydrothermal structure of Hansbreen, Spitsbergen, mapped by ground-penetrating radar},
  author={Moore, JC and P{\"a}lli, A and Ludwig, F and Blatter, H and Jania, J and Gadek, B and Glowacki, P and Mochnacki, D and Isaksson, E},
  journal={Journal of Glaciology},
  volume={45},
  number={151},
  pages={524--532},
  year={1999},
  publisher={Cambridge University Press},
doi={10.3189/S0022143000001386}
}

@article{Schroeder&al2020,
  title={Five decades of radioglaciology},
  author={Schroeder, Dustin M and Bingham, Robert G and Blankenship, Donald D and Christianson, Knut and Eisen, Olaf and Flowers, Gwenn E and Karlsson, Nanna B and Koutnik, Michelle R and Paden, John D and Siegert, Martin J},
  journal={Annals of Glaciology},
  volume={61},
  number={81},
  pages={1--13},
  year={2020},
  publisher={Cambridge University Press},
  doi={10.1017/aog.2020.11}
}

@book{Kunz&Luebbers1993,
  title={The finite difference time domain method for electromagnetics},
  author={Kunz, Karl S and Luebbers, Raymond J},
  year={1993},
  publisher={CRC press},
  ISBN={0-8493-8657-8}
}

@article{Coleou&al2001,
  title={Three-dimensional snow images by X-ray microtomography},
  author={Coleou, Cecile and Lesaffre, Bernard and Brzoska, Jean-Bruno and Ludwig, Wolfgang and Boller, Elodie},
  journal={Annals of glaciology},
  volume={32},
  pages={75--81},
  year={2001},
  publisher={Cambridge University Press},
  doi={10.3189/172756401781819418}
}

@article{Rutishauser&al2016,
  title={Helicopter-borne ground-penetrating radar investigations on temperate alpine glaciers: a comparison of different systems and their abilities for bedrock mappingHelicopter GPR on temperate glaciers},
  author={Rutishauser, Anja and Maurer, Hansruedi and Bauder, Andreas},
  journal={Geophysics},
  volume={81},
  number={1},
  pages={WA119--WA129},
  year={2016},
  publisher={GeoScienceWorld},
  doi={10.1190/geo2015-0144.1}
}

@article{Bradford&al2009,
  title={Continuous profiles of electromagnetic wave velocity and water content in glaciers: an example from Bench Glacier, Alaska, USA},
  author={Bradford, John H and Nichols, Joshua and Mikesell, T Dylan and Harper, Joel T},
  journal={Annals of Glaciology},
  volume={50},
  number={51},
  pages={1--9},
  year={2009},
  publisher={Cambridge University Press},
  doi={10.3189/172756409789097540}
}

@article{West&al2007,
  title={Dielectric permittivity measurements on ice cores: implications for interpretation of radar to yield glacial unfrozen water content},
  author={West, L Jared and Rippin, David M and Murray, Tavi and Mader, Heidy M and Hubbard, Bryn},
  journal={Journal of Environmental \& Engineering Geophysics},
  volume={12},
  number={1},
  pages={37--45},
  year={2007},
  publisher={Society of Exploration Geophysicists},
  doi={10.2113/JEEG12.1.37}
}

@article{Berenger1996,
  title={Perfectly matched layer for the FDTD solution of wave-structure interaction problems},
  author={Berenger, J-P},
  journal={IEEE Transactions on antennas and propagation},
  volume={44},
  number={1},
  pages={110--117},
  year={1996},
  publisher={IEEE},
  doi={10.1109/8.477535}
}

@article{Schneider2010,
  title={Understanding the finite-difference time-domain method},
  author={Schneider, John B},
  journal={School of electrical engineering and computer science Washington State University},
  volume={28},
  year={2010},
}

@inproceedings{Bauder&al2018,
  title={Winter Accumulation Measurements on Alpine Glaciers using Ground Penetrating Radar},
  author={Bauder, Andreas and Mazzotti, G and Berger, Cedric and Langhammer, Lisbeth and Griessinger, Nena and Jonas, Tobias},
  booktitle={2018 17th International Conference on Ground Penetrating Radar (GPR)},
  pages={1--5},
  year={2018},
  organization={IEEE},
  doi={10.1109/ICGPR.2018.8441559}
}
@incollection{Navarro&Eisen2009,
  title={11 Ground-penetrating radar in glaciological applications},
  author={Navarro, Francisco and Eisen, Olaf},
  booktitle={Remote sensing of glaciers: Techniques for topographic, spatial and thematic mapping of glaciers},
  pages={195--229},
  year={2009},
  publisher={Taylor \& Francis London},
  doi={10.1201/b10155-12}
}

@article{Hertrich&al2007,
  title={Surface nuclear magnetic resonance tomography},
  author={Hertrich, Marian and Braun, Martina and Gunther, Thomas and Green, Alan G and Yaramanci, Ugur},
  journal={IEEE Transactions on Geoscience and Remote Sensing},
  volume={45},
  number={11},
  pages={3752--3759},
  year={2007},
  publisher={IEEE},
  doi={10.1109/TGRS.2007.903829}
}


@article{Legchenko&al2011,
  title={Three-dimensional magnetic resonance imaging for groundwater},
  author={Legchenko, Anatoli and Descloitres, Marc and Vincent, C and Guyard, H{\'e}l{\`e}ne and Garambois, S and Chalikakis, Konstantinos and Ezersky, M},
  journal={New Journal of Physics},
  volume={13},
  number={2},
  pages={025022},
  year={2011},
  publisher={IOP Publishing},
  doi={ 10.1088/1367-2630/13/2/025022}
  }

  
@INPROCEEDINGS{hertrich&2008,
   author = {Hertrich, M. and Walbrecker, J.},
    title = {{The potential of surface-NMR to image water in permafrost and glacier ice}},
booktitle = {EGU General Assembly Conference Abstracts},
     year = {2008},
   volume = {10},
    pages = {A-06663},
    note={invited talk},
    url={https://meetings.copernicus.org/www.cosis.net/abstracts/EGU2008/06663/EGU2008-A-06663-1.pdf},
}

@article{pohle&&2022,
  author ={Pohle, A. and Werder, M. A. and Gr\"aff, D. and Farinotti, D.},
  title  ={{Characterising englacial R-channels using artificial moulins}},
  journal={Journal of Glaciology},
  year   ={2022},
  volume ={68},
  number ={271},
  pages  ={879-890},
  doi={10.1017/jog.2022.4},
 url={https://dx.doi.org/10.1017/jog.2022.4},
}

@inproceedings{Hertrich&Walbrecker2008,
  title={The potential of surface-NMR to image water in permafrost and glacier ice},
  author={Hertrich, M and Walbrecker, J},
  booktitle={Geophysical Research Abstracts},
  volume={10},
  pages  ={A-06663},
  year={2008}
}

@article{Gerbi&al2021,
  title={Microstructures in a shear margin: Jarvis Glacier, Alaska},
  author={Gerbi, Christopher and Mills, Stephanie and Clavette, Ren{\'e}e and Campbell, Seth and Bernsen, Steven and Clemens-Sewall, David and Lee, Ian and Hawley, Robert and Kreutz, Karl and Hruby, Kate},
  journal={Journal of Glaciology},
  volume={67},
  number={266},
  pages={1163--1176},
  year={2021},
  publisher={Cambridge University Press},
  doi={10.1017/jog.2021.62}
}

@article{Campbell&al2012,
  title={Melt regimes, stratigraphy, flow dynamics and glaciochemistry of three glaciers in the Alaska Range},
  author={Campbell, Seth and Kreutz, Karl and Osterberg, Erich and Arcone, Steven and Wake, Cameron and Introne, Douglas and Volkening, Kevin and Winski, Dominic},
  journal={Journal of Glaciology},
  volume={58},
  number={207},
  pages={99--109},
  year={2012},
  publisher={Cambridge University Press},
  doi={10.3189/2012JoG10J238}
}

@article{Watts&England1976,
  title={Radio-echo sounding of temperate glaciers: ice properties and sounder design criteria},
  author={Watts, Raymond D and England, Anthony W},
  journal={Journal of Glaciology},
  volume={17},
  number={75},
  pages={39--48},
  year={1976},
  publisher={Cambridge University Press},
  doi={10.3189/S0022143000030707}
}

@article{Murray&al2007,
  title={Water-content of glacier-ice: limitations on estimates from velocity analysis of surface ground-penetrating radar surveys},
  author={Murray, Tavi and Booth, Adam and Rippin, David M},
  journal={Journal of Environmental and Engineering Geophysics},
  volume={12},
  number={1},
  pages={87--99},
  year={2007},
  publisher={Environmental and Engineering Geophysics},
  doi={10.2113/JEEG12.1.87}
}

@article{Nobes2017,
  title={Ground penetrating radar response from voids: A demonstration using a simple model},
  author={Nobes, David C},
  journal={Ndt \& E International},
  volume={91},
  pages={47--53},
  year={2017},
  publisher={Elsevier},
  doi={10.1016/j.ndteint.2017.05.007}
}

@article{Gusmeroli&al2012,
  title={Twenty years of cold surface layer thinning at Storglaci{\"a}ren, sub-Arctic Sweden, 1989-2009},
  author={Gusmeroli, Alessio and Jansson, Peter and Pettersson, Rickard and Murray, Tavi},
  journal={Journal of Glaciology},
  volume={58},
  number={207},
  pages={3--10},
  year={2012},
  publisher={Cambridge University Press},
  doi={10.3189/2012JoG11J018}
}

