@article{Ogier&al2021,
  title={Drainage of an ice-dammed lake through a supraglacial stream: hydraulics and thermodynamics},
  author={Ogier, Christophe and Werder, Mauro A and Huss, Matthias and Kull, Isabelle and Hodel, David and Farinotti, Daniel},
  journal={The Cryosphere},
  volume={15},
  number={11},
  pages={5133--5150},
  year={2021},
  publisher={Copernicus GmbH},
  DOI={10.5194/tc-15-5133-2021}
}

@INPROCEEDINGS{Hosli&al2022,
author={H{\"o}sli, Leo and Ogier, Christophe and Huss, Matthias and Farinotti, Daniel},
booktitle={{Abstract volume 20\textsuperscript{th} Swiss Geosciences Meeting}},
title={Recent increase in collapse features on glacier snouts throughout the {S}wiss {A}lps},
year={2023},
pages={481},
url = {https://geoscience-meeting.ch/sgm2022/wp-content/uploads/abstract_books/SGM_2022_Abstract_Volume_s.pdf},
}

@article{Ogier&al2023,
  title={Ground penetrating radar in temperate ice: englacial water inclusions as limiting factor for data interpretation},
  author={Ogier, Christophe and van Manen, Dirk-Jan and Maurer, Hansruedi and R{\"a}ss, Ludovic and Hertrich, Marian and Bauder, Andreas and Farinotti, Daniel},
  journal={Journal of Glaciology},
  pages={1--12},
  year={2023},
  publisher={Cambridge University Press},
  doi={10.1017/jog.2023.68 }
}